<record><header><identifier>oai:alma.41SLSP_UGE:991000807509705502</identifier><datestamp>2023-03-01T01:10:17Z</datestamp><setSpec>uge_bcen_RapidILL_BOOK</setSpec><setSpec>uge_aaca_RapidILL_BOOK</setSpec><setSpec>uge_abels_RapidILL_BOOK</setSpec><setSpec>uge_dbu_RapidILL_BOOK</setSpec><setSpec>uge_cmu_RapidILL_BOOK</setSpec><setSpec>uge_mail_RapidILL_BOOK</setSpec><setSpec>UNIGE_ALL</setSpec><setSpec>uge_abbat_RapidILL_BOOK</setSpec><setSpec>uge_aobs_RapidILL_BOOK</setSpec><setSpec>uge_acar_RapidILL_BOOK</setSpec></header><metadata>
<record xmlns="http://www.loc.gov/MARC21/slim" xmlns:xsi="http://www.w3.org/2001/XMLSchema-instance" xsi:schemaLocation="http://www.loc.gov/MARC21/slim http://www.loc.gov/standards/marcxml/schema/MARC21slim.xsd"><leader>01306nam a2200301 c 4500</leader><controlfield tag="001">991000807509705502</controlfield><controlfield tag="005">20201225183457.0</controlfield><controlfield tag="008">910814m19911997gw ||||| |||| 00| ||ger d</controlfield><datafield ind1=" " ind2=" " tag="020"><subfield code="a">3740001135</subfield><subfield code="q">Teil 1</subfield></datafield><datafield ind1=" " ind2=" " tag="020"><subfield code="a">3740007923</subfield><subfield code="q">Teil II</subfield></datafield><datafield ind1="7" ind2=" " tag="024"><subfield code="a">http://catalogue.bnf.fr/ark:/12148/cb366628365</subfield><subfield code="2">uri</subfield></datafield><datafield ind1=" " ind2=" " tag="035"><subfield code="a">(swissbib)085805068-41slsp_network</subfield></datafield><datafield ind1=" " ind2=" " tag="035"><subfield code="a">085805068</subfield><subfield code="9">ExL</subfield></datafield><datafield ind1=" " ind2=" " tag="035"><subfield code="a">(RERO)1415022-41slsp</subfield></datafield><datafield ind1=" " ind2=" " tag="035"><subfield code="a">(EXLNZ-41SLSP_NETWORK)991082525919705501</subfield></datafield><datafield ind1=" " ind2=" " tag="040"><subfield code="a">RERO gevbpu</subfield><subfield code="d">CH-ZuSLS</subfield></datafield><datafield ind1="0" ind2=" " tag="041"><subfield code="a">ger</subfield><subfield code="a">eng</subfield><subfield code="a">fre</subfield></datafield><datafield ind1=" " ind2="7" tag="072"><subfield code="a">al</subfield><subfield code="2">rero</subfield></datafield><datafield ind1="1" ind2=" " tag="100"><subfield code="a">Schiller, Friedrich von</subfield><subfield code="d">1759-1805</subfield><subfield code="0">(IDREF)026670488</subfield><subfield code="4">cre</subfield></datafield><datafield ind1="1" ind2="0" tag="245"><subfield code="a">Schillers Werke</subfield><subfield code="b">Nationalausgabe</subfield><subfield code="c">begründet von Julius Petersen ; hrsg. im Auftrag der Nationalen Forschungs- und Gedenkstätten der klassischen deutschen Literatur in Weimar (Goethe- und Schiller-Archiv) und des Schiller-Nationalmuseums in Marbach.</subfield><subfield code="n">Bd. 34</subfield><subfield code="p">Briefe an Schiller : 1.3.1790 - 24.5.1794 / hrsg. von Ursula Naumann</subfield></datafield><datafield ind1=" " ind2="1" tag="264"><subfield code="a">Weimar</subfield><subfield code="b">H. Böhlaus Nachf.</subfield><subfield code="c">1991-1997</subfield></datafield><datafield ind1=" " ind2=" " tag="300"><subfield code="a">2 vol.</subfield><subfield code="c">25 cm</subfield></datafield><datafield ind1=" " ind2=" " tag="336"><subfield code="b">txt</subfield><subfield code="2">rdacontent</subfield></datafield><datafield ind1=" " ind2=" " tag="337"><subfield code="b">n</subfield><subfield code="2">rdamedia</subfield></datafield><datafield ind1=" " ind2=" " tag="338"><subfield code="b">nc</subfield><subfield code="2">rdacarrier</subfield></datafield><datafield ind1=" " ind2=" " tag="500"><subfield code="a">Teil 1 : Text ; Teil II : Anmerkungen</subfield></datafield><datafield ind1="1" ind2=" " tag="700"><subfield code="a">Naumann, Ursula</subfield><subfield code="0">(IDREF)028554604</subfield></datafield><datafield ind1="1" ind2=" " tag="800"><subfield code="a">Schiller, Friedrich</subfield><subfield code="d">1759-1805</subfield><subfield code="t">Werke</subfield><subfield code="v">34</subfield><subfield code="w">(RERO)0548248-41slsp</subfield></datafield><datafield ind1=" " ind2=" " tag="900"><subfield code="a">REROnoselfmerge</subfield></datafield></record>
</metadata></record>