<record><header><identifier>oai:alma.41SLSP_UGE:991000807589705502</identifier><datestamp>2023-03-01T01:10:17Z</datestamp><setSpec>uge_bcen_RapidILL_BOOK</setSpec><setSpec>uge_aaca_RapidILL_BOOK</setSpec><setSpec>uge_abels_RapidILL_BOOK</setSpec><setSpec>uge_dbu_RapidILL_BOOK</setSpec><setSpec>uge_cmu_RapidILL_BOOK</setSpec><setSpec>uge_mail_RapidILL_BOOK</setSpec><setSpec>UNIGE_ALL</setSpec><setSpec>uge_abbat_RapidILL_BOOK</setSpec><setSpec>uge_aobs_RapidILL_BOOK</setSpec><setSpec>uge_acar_RapidILL_BOOK</setSpec></header><metadata>
<record xmlns="http://www.loc.gov/MARC21/slim" xmlns:xsi="http://www.w3.org/2001/XMLSchema-instance" xsi:schemaLocation="http://www.loc.gov/MARC21/slim http://www.loc.gov/standards/marcxml/schema/MARC21slim.xsd"><leader>01096nam a2200289 c 4500</leader><controlfield tag="001">991000807589705502</controlfield><controlfield tag="005">20201126035638.0</controlfield><controlfield tag="008">060120s1978    lv ||||| |||| 00| ||lav d</controlfield><datafield ind1=" " ind2=" " tag="035"><subfield code="a">(swissbib)102862583-41slsp_network</subfield></datafield><datafield ind1=" " ind2=" " tag="035"><subfield code="a">102862583</subfield><subfield code="9">ExL</subfield></datafield><datafield ind1=" " ind2=" " tag="035"><subfield code="a">(RERO)R003976387-41slsp</subfield></datafield><datafield ind1=" " ind2=" " tag="035"><subfield code="a">(EXLNZ-41SLSP_NETWORK)991082323169705501</subfield></datafield><datafield ind1=" " ind2=" " tag="040"><subfield code="a">RERO geussp</subfield><subfield code="d">CH-ZuSLS</subfield></datafield><datafield ind1=" " ind2="7" tag="072"><subfield code="a">in</subfield><subfield code="2">rero</subfield></datafield><datafield ind1=" " ind2="7" tag="072"><subfield code="a">py</subfield><subfield code="2">rero</subfield></datafield><datafield ind1="1" ind2=" " tag="100"><subfield code="a">Gurtovtsev, Arkadii Lazarevich</subfield><subfield code="0">(RERO)A011876136</subfield><subfield code="4">cre</subfield></datafield><datafield ind1="1" ind2="0" tag="245"><subfield code="a">Logicheskoe proektirovanie ustroistv avtomatiki</subfield><subfield code="c">A.L. Gurtovtsev, A.F. Petrenko, V.P. Chapenko</subfield></datafield><datafield ind1=" " ind2="1" tag="264"><subfield code="a">Riga</subfield><subfield code="b">Zinatne</subfield><subfield code="c">1978</subfield></datafield><datafield ind1=" " ind2=" " tag="300"><subfield code="a">210 p.</subfield><subfield code="b">ill.</subfield><subfield code="c">23 cm</subfield></datafield><datafield ind1=" " ind2=" " tag="336"><subfield code="b">txt</subfield><subfield code="2">rdacontent</subfield></datafield><datafield ind1=" " ind2=" " tag="337"><subfield code="b">n</subfield><subfield code="2">rdamedia</subfield></datafield><datafield ind1=" " ind2=" " tag="338"><subfield code="b">nc</subfield><subfield code="2">rdacarrier</subfield></datafield><datafield ind1=" " ind2=" " tag="500"><subfield code="a">En tête de la page de titre: Akademiia Nauk Latviiskoi SSR. Institut electroniki i vychistel'noj tekhniki</subfield></datafield><datafield ind1=" " ind2=" " tag="500"><subfield code="a">Titre en français: Projection logique d'un équipement automatique</subfield></datafield><datafield ind1=" " ind2=" " tag="504"><subfield code="a">Bibliogr.: p. 204-205</subfield></datafield><datafield ind1="1" ind2=" " tag="700"><subfield code="a">Chapenko, Viktor Petrovich</subfield><subfield code="0">(RERO)A011876138</subfield></datafield><datafield ind1="1" ind2=" " tag="700"><subfield code="a">Petrenko, Aleksandr Fedorovich</subfield><subfield code="0">(RERO)A021918406</subfield></datafield><datafield ind1=" " ind2=" " tag="900"><subfield code="a">REROnoselfmerge</subfield></datafield></record>
</metadata></record>