<record><header><identifier>oai:alma.41SLSP_UGE:991000807699705502</identifier><datestamp>2023-03-01T01:10:17Z</datestamp><setSpec>uge_bcen_RapidILL_BOOK</setSpec><setSpec>uge_aaca_RapidILL_BOOK</setSpec><setSpec>uge_abels_RapidILL_BOOK</setSpec><setSpec>uge_dbu_RapidILL_BOOK</setSpec><setSpec>uge_cmu_RapidILL_BOOK</setSpec><setSpec>uge_mail_RapidILL_BOOK</setSpec><setSpec>UNIGE_ALL</setSpec><setSpec>uge_abbat_RapidILL_BOOK</setSpec><setSpec>uge_aobs_RapidILL_BOOK</setSpec><setSpec>uge_acar_RapidILL_BOOK</setSpec></header><metadata>
<record xmlns="http://www.loc.gov/MARC21/slim" xmlns:xsi="http://www.w3.org/2001/XMLSchema-instance" xsi:schemaLocation="http://www.loc.gov/MARC21/slim http://www.loc.gov/standards/marcxml/schema/MARC21slim.xsd"><leader>01210nam a2200277 c 4500</leader><controlfield tag="001">991000807699705502</controlfield><controlfield tag="005">20201227162938.0</controlfield><controlfield tag="008">150302s1930    fr ||||| |||| 00| ||fre d</controlfield><datafield ind1="7" ind2=" " tag="024"><subfield code="a">http://catalogue.bnf.fr/ark:/12148/cb358124603</subfield><subfield code="2">uri</subfield></datafield><datafield ind1=" " ind2=" " tag="035"><subfield code="a">(swissbib)121260933-41slsp_network</subfield></datafield><datafield ind1=" " ind2=" " tag="035"><subfield code="a">121260933</subfield><subfield code="9">ExL</subfield></datafield><datafield ind1=" " ind2=" " tag="035"><subfield code="a">(RERO)R008082888-41slsp</subfield></datafield><datafield ind1=" " ind2=" " tag="035"><subfield code="a">(EXLNZ-41SLSP_NETWORK)991006304699705501</subfield></datafield><datafield ind1=" " ind2=" " tag="040"><subfield code="a">RERO geussa</subfield><subfield code="d">CH-ZuSLS</subfield></datafield><datafield ind1=" " ind2="7" tag="072"><subfield code="a">me</subfield><subfield code="2">rero</subfield></datafield><datafield ind1="0" ind2="0" tag="245"><subfield code="a">&lt;&lt;Les&gt;&gt; grandes endémies tropicales</subfield><subfield code="b">études de pathogénie et de prophylaxie</subfield><subfield code="c">Noël Bernard ... [et al.]</subfield></datafield><datafield ind1=" " ind2="1" tag="264"><subfield code="a">Paris</subfield><subfield code="b">V. Frères</subfield><subfield code="c">1930</subfield></datafield><datafield ind1=" " ind2=" " tag="300"><subfield code="a">109 p.</subfield></datafield><datafield ind1=" " ind2=" " tag="336"><subfield code="b">txt</subfield><subfield code="2">rdacontent</subfield></datafield><datafield ind1=" " ind2=" " tag="337"><subfield code="b">n</subfield><subfield code="2">rdamedia</subfield></datafield><datafield ind1=" " ind2=" " tag="338"><subfield code="b">nc</subfield><subfield code="2">rdacarrier</subfield></datafield><datafield ind1=" " ind2=" " tag="500"><subfield code="a">Huit conférences faites au grand amphithéâtre de la Faculté de Médecine de Paris (13 avril au 4 mai 1931)</subfield></datafield><datafield ind1=" " ind2=" " tag="500"><subfield code="a">Le haut de la page de titre porte: Institut d'hygiène de la Faculté de médecine de Paris, Inspection générale du Service de santé au Ministère des colonies</subfield></datafield><datafield ind1="1" ind2=" " tag="700"><subfield code="a">Bernard, Noël</subfield><subfield code="d">1875-1971</subfield><subfield code="0">(IDREF)084439602</subfield></datafield><datafield ind1="1" ind2=" " tag="710"><subfield code="a">France</subfield><subfield code="b">Ministère des colonies</subfield><subfield code="b">Service de santé</subfield><subfield code="0">(RERO)A017610364</subfield></datafield><datafield ind1="2" ind2=" " tag="710"><subfield code="a">Institut d'hygiène</subfield><subfield code="g">Paris</subfield><subfield code="0">(IDREF)227221966</subfield></datafield><datafield ind1=" " ind2=" " tag="900"><subfield code="a">REROnoselfmerge</subfield></datafield></record>
</metadata></record>