<record><header><identifier>oai:alma.41SLSP_UGE:991000808119705502</identifier><datestamp>2024-04-11T00:21:01Z</datestamp><setSpec>uge_bcen_RapidILL_BOOK</setSpec><setSpec>uge_aaca_RapidILL_BOOK</setSpec><setSpec>uge_abels_RapidILL_BOOK</setSpec><setSpec>uge_dbu_RapidILL_BOOK</setSpec><setSpec>uge_cmu_RapidILL_BOOK</setSpec><setSpec>uge_mail_RapidILL_BOOK</setSpec><setSpec>uge_abbat_RapidILL_BOOK</setSpec><setSpec>UNIGE_ALL</setSpec><setSpec>uge_acar_RapidILL_BOOK</setSpec><setSpec>uge_aobs_RapidILL_BOOK</setSpec></header><metadata>
<record xmlns="http://www.loc.gov/MARC21/slim" xmlns:xsi="http://www.w3.org/2001/XMLSchema-instance" xsi:schemaLocation="http://www.loc.gov/MARC21/slim http://www.loc.gov/standards/marcxml/schema/MARC21slim.xsd"><leader>05079nam a2200877 c 4500</leader><controlfield tag="001">991000808119705502</controlfield><controlfield tag="005">20240410143353.0</controlfield><controlfield tag="008">201011s2006    sz       l    00| | ger  </controlfield><datafield ind1=" " ind2=" " tag="015"><subfield code="a">GFR-DNB-06,N40,0461</subfield></datafield><datafield ind1="7" ind2=" " tag="016"><subfield code="a">981205569</subfield><subfield code="2">GyFmDB</subfield></datafield><datafield ind1=" " ind2=" " tag="020"><subfield code="a">3719026388</subfield><subfield code="q">Pb.</subfield><subfield code="c">ca. EUR 28.00, ca. CHF 42.00</subfield></datafield><datafield ind1=" " ind2=" " tag="020"><subfield code="a">9783719026387</subfield><subfield code="q">Pb.</subfield><subfield code="c">ca. EUR 28.00, ca. CHF 42.00</subfield></datafield><datafield ind1=" " ind2=" " tag="035"><subfield code="a">(swissbib)230661491-41slsp_network</subfield></datafield><datafield ind1=" " ind2=" " tag="035"><subfield code="a">230661491</subfield><subfield code="9">ExL</subfield></datafield><datafield ind1=" " ind2=" " tag="035"><subfield code="a">(IDSBB)004032000DSV01</subfield></datafield><datafield ind1=" " ind2=" " tag="035"><subfield code="a">(RERO)R004239349-41slsp</subfield></datafield><datafield ind1=" " ind2=" " tag="035"><subfield code="a">(IDSSG)000355945HSB01</subfield></datafield><datafield ind1=" " ind2=" " tag="035"><subfield code="a">(NEBIS)005262908EBI01</subfield></datafield><datafield ind1=" " ind2=" " tag="035"><subfield code="a">(IDSLU)000502388ILU01</subfield></datafield><datafield ind1=" " ind2=" " tag="035"><subfield code="a">(ABN)000292318ABN01</subfield></datafield><datafield ind1=" " ind2=" " tag="035"><subfield code="a">(ALEX)bv001314892</subfield></datafield><datafield ind1=" " ind2=" " tag="035"><subfield code="a">(EXLNZ-41SLSP_NETWORK)991138990729705501</subfield></datafield><datafield ind1=" " ind2=" " tag="040"><subfield code="a">SzZuIDS BS/BE A208</subfield><subfield code="e">kids</subfield><subfield code="d">CH-ZuSLS</subfield></datafield><datafield ind1=" " ind2=" " tag="044"><subfield code="a">sz</subfield><subfield code="c">ch-bs</subfield></datafield><datafield ind1=" " ind2="7" tag="072"><subfield code="a">rw</subfield><subfield code="2">SzZuIDS BS/BE</subfield></datafield><datafield ind1=" " ind2="7" tag="072"><subfield code="a">dr</subfield><subfield code="2">rero</subfield></datafield><datafield ind1=" " ind2="7" tag="072"><subfield code="a">807</subfield><subfield code="2">IDS LU</subfield></datafield><datafield ind1="0" ind2="4" tag="082"><subfield code="a">345.494</subfield><subfield code="2">22/ger</subfield></datafield><datafield ind1="1" ind2="4" tag="082"><subfield code="a">340</subfield><subfield code="2">15</subfield></datafield><datafield ind1=" " ind2=" " tag="084"><subfield code="a">PH 6111</subfield><subfield code="2">rvk</subfield></datafield><datafield ind1=" " ind2=" " tag="084"><subfield code="a">CA/CH 87 g</subfield><subfield code="2">cjurrom</subfield></datafield><datafield ind1="1" ind2=" " tag="100"><subfield code="a">Omlin, Esther</subfield><subfield code="0">(IDREF)120070243</subfield><subfield code="4">cre</subfield></datafield><datafield ind1="1" ind2="0" tag="245"><subfield code="a">Strafgesetzbuch</subfield><subfield code="b">Revision des allgemeinen Teils : das Wichtigste in Kürze</subfield><subfield code="c">Esther Omlin</subfield></datafield><datafield ind1=" " ind2="1" tag="264"><subfield code="a">Basel</subfield><subfield code="b">Helbing &amp; Lichtenhahn</subfield><subfield code="c">2006</subfield></datafield><datafield ind1=" " ind2=" " tag="300"><subfield code="a">100 S.</subfield><subfield code="c">23 cm</subfield></datafield><datafield ind1=" " ind2=" " tag="336"><subfield code="b">txt</subfield><subfield code="2">rdacontent</subfield></datafield><datafield ind1=" " ind2=" " tag="337"><subfield code="b">n</subfield><subfield code="2">rdamedia</subfield></datafield><datafield ind1=" " ind2=" " tag="338"><subfield code="b">nc</subfield><subfield code="2">rdacarrier</subfield></datafield><datafield ind1=" " ind2=" " tag="500"><subfield code="a">Gesetzestext im Anhang (Auszug)</subfield></datafield><datafield ind1=" " ind2=" " tag="500"><subfield code="a">Enthält auch den Gesetzestext</subfield></datafield><datafield ind1=" " ind2=" " tag="504"><subfield code="a">Bibliogr.</subfield></datafield><datafield ind1="1" ind2="7" tag="610"><subfield code="a">Schweiz</subfield><subfield code="t">Schweizerisches Strafgesetzbuch</subfield><subfield code="0">(DE-588)4135978-1</subfield><subfield code="2">gnd</subfield></datafield><datafield ind1="1" ind2="7" tag="610"><subfield code="a">Schweiz</subfield><subfield code="t">Strafgesetzbuch</subfield><subfield code="p">Allgemeiner Teil</subfield><subfield code="0">(DE-588)4820834-6</subfield><subfield code="2">gnd</subfield></datafield><datafield ind1=" " ind2="7" tag="650"><subfield code="a">Strafrechtsreform</subfield><subfield code="z">Schweiz</subfield><subfield code="2">idsbb</subfield></datafield><datafield ind1=" " ind2="7" tag="650"><subfield code="a">Strafrecht</subfield><subfield code="z">Schweiz</subfield><subfield code="2">idsbb</subfield></datafield><datafield ind1=" " ind2="7" tag="650"><subfield code="a">allgemeines Strafrecht</subfield><subfield code="9">ger</subfield><subfield code="0">(RERO)jurivoc000000845ger</subfield><subfield code="2">jurivoc</subfield></datafield><datafield ind1=" " ind2="7" tag="650"><subfield code="a">Strafen und Massnahmen</subfield><subfield code="9">ger</subfield><subfield code="0">(RERO)jurivoc000021741ger</subfield><subfield code="2">jurivoc</subfield></datafield><datafield ind1=" " ind2="7" tag="650"><subfield code="a">Straf- und Massnahmenvollzug</subfield><subfield code="9">ger</subfield><subfield code="0">(RERO)jurivoc000021628ger</subfield><subfield code="2">jurivoc</subfield></datafield><datafield ind1=" " ind2="7" tag="650"><subfield code="a">Revision(Rechtssetzung)</subfield><subfield code="9">ger</subfield><subfield code="0">(RERO)jurivoc000018895ger</subfield><subfield code="2">jurivoc</subfield></datafield><datafield ind1=" " ind2="7" tag="650"><subfield code="a">droit pénal - révision</subfield><subfield code="0">(RERO)A010075846</subfield><subfield code="2">rerovoc</subfield></datafield><datafield ind1=" " ind2="7" tag="650"><subfield code="a">Allgemeiner Teil</subfield><subfield code="0">(DE-588)4141955-8</subfield><subfield code="2">gnd</subfield></datafield><datafield ind1=" " ind2="7" tag="650"><subfield code="a">Strafrechtsreform</subfield><subfield code="0">(DE-588)4126268-2</subfield><subfield code="2">gnd</subfield></datafield><datafield ind1=" " ind2="7" tag="650"><subfield code="a">Reform</subfield><subfield code="2">idszbz</subfield></datafield><datafield ind1=" " ind2="7" tag="650"><subfield code="a">Strafrecht</subfield><subfield code="2">idszbz</subfield></datafield><datafield ind1=" " ind2="0" tag="650"><subfield code="a">Criminal law</subfield><subfield code="z">Switzerland</subfield></datafield><datafield ind1=" " ind2="7" tag="650"><subfield code="a">Reform</subfield><subfield code="0">(DE-588)4115716-3</subfield><subfield code="2">gnd</subfield></datafield><datafield ind1=" " ind2="7" tag="651"><subfield code="a">Schweiz</subfield><subfield code="9">ger</subfield><subfield code="0">(RERO)jurivoc000019912ger</subfield><subfield code="2">jurivoc</subfield></datafield><datafield ind1=" " ind2="7" tag="651"><subfield code="a">Obwalden</subfield><subfield code="9">ger</subfield><subfield code="0">(RERO)jurivoc000016274ger</subfield><subfield code="2">jurivoc</subfield></datafield><datafield ind1=" " ind2="7" tag="651"><subfield code="a">Suisse</subfield><subfield code="0">(IDREF)027249654</subfield><subfield code="2">idref</subfield></datafield><datafield ind1=" " ind2="7" tag="651"><subfield code="a">Schweiz</subfield><subfield code="2">idszbz</subfield></datafield><datafield ind1=" " ind2="7" tag="651"><subfield code="a">Schweiz</subfield><subfield code="0">(DE-588)4053881-3</subfield><subfield code="2">gnd</subfield></datafield><datafield ind1=" " ind2="7" tag="655"><subfield code="a">Manuels d'enseignement</subfield><subfield code="0">(IDREF)027446514</subfield><subfield code="2">idref</subfield></datafield><datafield ind1=" " ind2=" " tag="690"><subfield code="a">Ersatzfreiheitsstrafe; Strafvollzug; Sanktion; Entlassung; Umwandlung; Strafrecht; Arbeit; Gericht (Rechtsprechung); Straftat; Anordnung</subfield><subfield code="2">idssg-J</subfield></datafield><datafield ind1=" " ind2=" " tag="690"><subfield code="a">Nebenstrafe; Ersatzgeldstrafe; Anklageerhebung; Anwendungsvorschlag; Ehedelikt; Musterverfahren; Schadensbehebung; Schlussbetrachtung; Sonderfall; Spezialthema; Vollzugsrecht; Zusatzkriterium; Übergangsrecht; Abkürzungsverzeichnis; Deliktsklassifizierung; Ersttäter; Literaturverzeichnis; Sanktionsänderung; Wiederholungstäter; Begründungspflicht; Bewährungsprognose; Dogmatisch; Geldsummensystem; Informationspflicht; Lichtenhahn; Rechtsfolge; Rechtsinstitut; Sanktionsart; Strafbedürfnis; Strafbefreiungsgrund; Tagessatzbemessung; Tagessatzsystem; Untersuchungsstadium; Vollzugsform; Vollzugsmöglichkeit; Widerrufart</subfield><subfield code="2">idssg-J</subfield></datafield><datafield ind1=" " ind2=" " tag="690"><subfield code="a">bedingte Strafe; kurze Freiheitsstrafe; unverschuldete Verschlechterung; ambulante Maßnahme; andere Maßnahme; bedingte Entlassung; bedingter Strafvollzug; bedingter Vollzug; fehlendes Strafbedürfnis; finanzielle Verschlechterung; gemeinnützige Arbeit; materielle Strafbefreiung; nachträgliche Anordnung; nachträgliche Sanktionsänderung; neue Aufgabe; neue Deliktsklassifizierung; neues Rechtsinstitut; rechtskräftiges Urteil; schlechte Bewährungsprognose; stationäre Einleitung; stationäre Maßnahme; teilbedingte Strafe; therapeutische Maßnahme; unbedingte Freiheitsstrafe; unbedingte Strafe; unveränderte Maßnahme; vorzeitig Strafund; vorzeitiger Antritt; zumutbare Schadensbehebung</subfield><subfield code="2">idssg-J</subfield></datafield><datafield ind1=" " ind2=" " tag="690"><subfield code="a">Schweiz C4EXSI; Bayern C4EUGE</subfield><subfield code="2">idssg-J</subfield></datafield><datafield ind1=" " ind2=" " tag="690"><subfield code="a">Basel Genf München; Esther Omlin Strafgesetzbuch Revision; fehlend Strafbedürfnis Art.; neu Deliktsklassifizierung Art.; Strafund Massnahmevollzug; Täter EheDelikte Art.; Vergehen Verbrechen Art.</subfield><subfield code="2">idssg-J</subfield></datafield><datafield ind1=" " ind2=" " tag="691"><subfield code="e">PC 87 CH</subfield><subfield code="2">rzs-L1</subfield></datafield><datafield ind1="1" ind2=" " tag="710"><subfield code="a">Schweiz</subfield><subfield code="0">(DE-588)4053881-3</subfield></datafield><datafield ind1=" " ind2=" " tag="751"><subfield code="a">Schweiz</subfield><subfield code="0">(DE-588)4053881-3</subfield></datafield><datafield ind1=" " ind2=" " tag="751"><subfield code="a">Schweiz</subfield><subfield code="0">(DE-588)4053881-3</subfield></datafield><datafield ind1=" " ind2=" " tag="751"><subfield code="a">Schweiz</subfield><subfield code="0">(DE-588)4053881-3</subfield></datafield><datafield ind1="4" ind2=" " tag="856"><subfield code="u">https://tools.unisg.ch/url/hm00170420</subfield><subfield code="z">Inhaltsverzeichnis</subfield></datafield><datafield ind1=" " ind2=" " tag="900"><subfield code="a">IDSE5E51ANH-2007</subfield></datafield><datafield ind1=" " ind2=" " tag="900"><subfield code="a">IDSZ2rwimon200611f</subfield><subfield code="c">IDSZ2biss 061124</subfield><subfield code="d">IDSZ2rwiswk200611b</subfield><subfield code="e">IDSZ2mash</subfield></datafield><datafield ind1=" " ind2=" " tag="900"><subfield code="a">IDSZ2zbzmon200703l</subfield><subfield code="c">IDSZ2prin</subfield><subfield code="d">IDSZ2zbzswk200703u</subfield></datafield><datafield ind1=" " ind2=" " tag="949"><subfield code="a">https://tools.unisg.ch/url/hm00170420</subfield></datafield></record>
</metadata></record>