<record><header><identifier>oai:alma.41SLSP_UGE:991000807629705502</identifier><datestamp>2023-10-13T03:52:57Z</datestamp><setSpec>uge_bcen_RapidILL_BOOK</setSpec><setSpec>uge_aaca_RapidILL_BOOK</setSpec><setSpec>uge_abels_RapidILL_BOOK</setSpec><setSpec>uge_dbu_RapidILL_BOOK</setSpec><setSpec>uge_cmu_RapidILL_BOOK</setSpec><setSpec>uge_mail_RapidILL_BOOK</setSpec><setSpec>uge_abbat_RapidILL_BOOK</setSpec><setSpec>UNIGE_ALL</setSpec><setSpec>uge_aobs_RapidILL_BOOK</setSpec><setSpec>uge_acar_RapidILL_BOOK</setSpec></header><metadata>
<record xmlns="http://www.loc.gov/MARC21/slim" xmlns:xsi="http://www.w3.org/2001/XMLSchema-instance" xsi:schemaLocation="http://www.loc.gov/MARC21/slim http://www.loc.gov/standards/marcxml/schema/MARC21slim.xsd"><leader>00951nam a2200265 c 4500</leader><controlfield tag="001">991000807629705502</controlfield><controlfield tag="005">20231012094739.0</controlfield><controlfield tag="008">000720s1971    gw ||||| |||| 00| ||gmh d</controlfield><datafield ind1=" " ind2=" " tag="020"><subfield code="a">3874520919</subfield></datafield><datafield ind1=" " ind2=" " tag="035"><subfield code="a">(swissbib)080141072-41slsp_network</subfield></datafield><datafield ind1=" " ind2=" " tag="035"><subfield code="a">080141072</subfield><subfield code="9">ExL</subfield></datafield><datafield ind1=" " ind2=" " tag="035"><subfield code="a">(RERO)0621564-41slsp</subfield></datafield><datafield ind1=" " ind2=" " tag="035"><subfield code="a">(EXLNZ-41SLSP_NETWORK)991081523309705501</subfield></datafield><datafield ind1=" " ind2=" " tag="040"><subfield code="a">RERO labcud</subfield><subfield code="d">CH-ZuSLS</subfield></datafield><datafield ind1=" " ind2="7" tag="072"><subfield code="a">al</subfield><subfield code="2">rero</subfield></datafield><datafield ind1="0" ind2=" " tag="100"><subfield code="a">Hartmann von Aue</subfield><subfield code="d">1160?-1210?</subfield><subfield code="0">(IDREF)02876126X</subfield><subfield code="4">cre</subfield></datafield><datafield ind1="1" ind2="0" tag="245"><subfield code="a">&lt;&lt;&quot;Der&gt;&gt; arme Heinrich&quot;</subfield><subfield code="b">Abbildungen und Materialien zur gesamten handschriftlichen Überlieferung</subfield><subfield code="c">Hartmann von Aue ; hrsg. von Ulrich Müller</subfield></datafield><datafield ind1=" " ind2="1" tag="264"><subfield code="a">Göppingen</subfield><subfield code="b">A. Kümmerle</subfield><subfield code="c">1971</subfield></datafield><datafield ind1=" " ind2=" " tag="300"><subfield code="a">VII p., 24 f.</subfield><subfield code="c">30 cm</subfield></datafield><datafield ind1=" " ind2=" " tag="336"><subfield code="b">txt</subfield><subfield code="2">rdacontent</subfield></datafield><datafield ind1=" " ind2=" " tag="337"><subfield code="b">n</subfield><subfield code="2">rdamedia</subfield></datafield><datafield ind1=" " ind2=" " tag="338"><subfield code="b">nc</subfield><subfield code="2">rdacarrier</subfield></datafield><datafield ind1="1" ind2=" " tag="490"><subfield code="a">Litterae</subfield><subfield code="v">Nr. 3</subfield></datafield><datafield ind1="1" ind2=" " tag="700"><subfield code="a">Müller, Ulrich</subfield><subfield code="d">1940-2012</subfield><subfield code="0">(RERO)A024527578</subfield></datafield><datafield ind1=" " ind2="0" tag="830"><subfield code="a">Litterae</subfield><subfield code="v">3</subfield><subfield code="w">(RERO)0147946-41slsp</subfield></datafield><datafield ind1=" " ind2=" " tag="900"><subfield code="a">REROnoselfmerge</subfield></datafield></record>
</metadata></record>