<record><header><identifier>oai:alma.41SLSP_UGE:991000807529705502</identifier><datestamp>2024-06-02T00:07:36Z</datestamp><setSpec>uge_bcen_RapidILL_BOOK</setSpec><setSpec>uge_aaca_RapidILL_BOOK</setSpec><setSpec>uge_abels_RapidILL_BOOK</setSpec><setSpec>uge_dbu_RapidILL_BOOK</setSpec><setSpec>uge_cmu_RapidILL_BOOK</setSpec><setSpec>uge_mail_RapidILL_BOOK</setSpec><setSpec>UNIGE_ALL</setSpec><setSpec>uge_abbat_RapidILL_BOOK</setSpec><setSpec>uge_aobs_RapidILL_BOOK</setSpec><setSpec>uge_acar_RapidILL_BOOK</setSpec></header><metadata>
<record xmlns="http://www.loc.gov/MARC21/slim" xmlns:xsi="http://www.w3.org/2001/XMLSchema-instance" xsi:schemaLocation="http://www.loc.gov/MARC21/slim http://www.loc.gov/standards/marcxml/schema/MARC21slim.xsd"><leader>02574nam a22006497c 4500</leader><controlfield tag="001">991000807529705502</controlfield><controlfield tag="005">20230721142143.0</controlfield><controlfield tag="008">201012s1992    gw ||||| |||| 00| ||ger d</controlfield><datafield ind1=" " ind2=" " tag="015"><subfield code="a">93,A13,1278</subfield></datafield><datafield ind1=" " ind2=" " tag="020"><subfield code="a">3487096293</subfield><subfield code="q">kart.</subfield></datafield><datafield ind1=" " ind2=" " tag="035"><subfield code="a">(swissbib)233047824-41slsp_network</subfield></datafield><datafield ind1=" " ind2=" " tag="035"><subfield code="a">233047824</subfield><subfield code="9">ExL</subfield></datafield><datafield ind1=" " ind2=" " tag="035"><subfield code="a">(RERO)R004641884-41slsp</subfield></datafield><datafield ind1=" " ind2=" " tag="035"><subfield code="a">(NEBIS)001308355EBI01</subfield></datafield><datafield ind1=" " ind2=" " tag="035"><subfield code="a">(SBT)000897100SBT01</subfield></datafield><datafield ind1=" " ind2=" " tag="035"><subfield code="a">(IDSBB)000889835DSV01</subfield></datafield><datafield ind1=" " ind2=" " tag="035"><subfield code="a">(EXLNZ-41SLSP_NETWORK)991032860719705501</subfield></datafield><datafield ind1=" " ind2=" " tag="040"><subfield code="a">RERO gefoha</subfield><subfield code="d">CH-ZuSLS</subfield></datafield><datafield ind1=" " ind2=" " tag="044"><subfield code="a">gw</subfield></datafield><datafield ind1=" " ind2="7" tag="072"><subfield code="a">gr</subfield><subfield code="2">rero</subfield></datafield><datafield ind1=" " ind2="7" tag="072"><subfield code="a">kp</subfield><subfield code="2">SzZuIDS BS/BE</subfield></datafield><datafield ind1="0" ind2="0" tag="082"><subfield code="a">883/.01</subfield><subfield code="2">20</subfield></datafield><datafield ind1=" " ind2=" " tag="084"><subfield code="a">FH 39753</subfield><subfield code="2">rvk</subfield></datafield><datafield ind1=" " ind2=" " tag="084"><subfield code="a">FH 47053</subfield><subfield code="2">rvk</subfield></datafield><datafield ind1="1" ind2=" " tag="100"><subfield code="a">Lührs, Dietrich</subfield><subfield code="0">(IDREF)13623528X</subfield><subfield code="4">cre</subfield></datafield><datafield ind1="1" ind2="0" tag="245"><subfield code="a">Untersuchungen zu den Athetesen Aristarchs in der Ilias und zu ihrer Behandlung im Corpus der exegetischen Scholien</subfield><subfield code="c">Dietrich Lührs</subfield></datafield><datafield ind1=" " ind2="1" tag="264"><subfield code="a">Hildesheim</subfield><subfield code="b">Olms-Weidmann</subfield><subfield code="c">1992</subfield></datafield><datafield ind1=" " ind2=" " tag="300"><subfield code="a">XVIII, 286 S.</subfield><subfield code="c">21 cm</subfield></datafield><datafield ind1=" " ind2=" " tag="336"><subfield code="b">txt</subfield><subfield code="2">rdacontent</subfield></datafield><datafield ind1=" " ind2=" " tag="337"><subfield code="b">n</subfield><subfield code="2">rdamedia</subfield></datafield><datafield ind1=" " ind2=" " tag="338"><subfield code="b">nc</subfield><subfield code="2">rdacarrier</subfield></datafield><datafield ind1="1" ind2=" " tag="490"><subfield code="a">Beiträge zur Altertumswissenschaft</subfield><subfield code="v">Bd. 11</subfield></datafield><datafield ind1=" " ind2=" " tag="502"><subfield code="a">Augl.: Überarb. Diss. Göttingen, 1991</subfield></datafield><datafield ind1=" " ind2=" " tag="504"><subfield code="a">Literaturverz.</subfield></datafield><datafield ind1="0" ind2="7" tag="600"><subfield code="a">Aristarque de Samothrace</subfield><subfield code="d">0215?-0143? av. J.-C.</subfield><subfield code="0">(IDREF)078965217</subfield><subfield code="2">idref</subfield></datafield><datafield ind1="0" ind2="7" tag="600"><subfield code="a">Homère - réception</subfield><subfield code="0">(RERO)A010096302</subfield><subfield code="2">rero</subfield></datafield><datafield ind1="0" ind2="7" tag="600"><subfield code="a">Homère</subfield><subfield code="d">08..?-08..? av. J.-C.</subfield><subfield code="0">(IDREF)026924005</subfield><subfield code="2">idref</subfield></datafield><datafield ind1="0" ind2="7" tag="600"><subfield code="a">Aristarch (von Samothrake)</subfield><subfield code="2">idszbz</subfield></datafield><datafield ind1="0" ind2="7" tag="600"><subfield code="a">Homer; Ilias</subfield><subfield code="2">idszbz</subfield></datafield><datafield ind1="0" ind2="7" tag="600"><subfield code="a">Aristarchos</subfield><subfield code="c">von Samothrake</subfield><subfield code="d">v217-v145</subfield><subfield code="0">(DE-588)118503960</subfield><subfield code="2">gnd</subfield></datafield><datafield ind1="0" ind2="7" tag="600"><subfield code="a">Homerus</subfield><subfield code="d">ca. v8. Jh.</subfield><subfield code="0">(DE-588)11855333X</subfield><subfield code="2">gnd</subfield></datafield><datafield ind1="0" ind2="7" tag="600"><subfield code="a">Homerus</subfield><subfield code="d">ca. v8. Jh.</subfield><subfield code="t">Ilias</subfield><subfield code="0">(DE-588)4135525-8</subfield><subfield code="2">gnd</subfield></datafield><datafield ind1="0" ind2="0" tag="600"><subfield code="a">Aristarque de Samothrace</subfield><subfield code="d">0215?-0143? av. J.-C.</subfield><subfield code="x">Histoire et critique</subfield></datafield><datafield ind1="0" ind2="0" tag="600"><subfield code="a">Homer</subfield><subfield code="t">Iliad</subfield></datafield><datafield ind1="0" ind2="7" tag="600"><subfield code="a">Aristarchus</subfield><subfield code="c">von Samothrake</subfield><subfield code="x">Homerus</subfield><subfield code="x">Ilias</subfield><subfield code="2">idsbb</subfield></datafield><datafield ind1="0" ind2="7" tag="600"><subfield code="a">Homerus</subfield><subfield code="x">Ilias</subfield><subfield code="x">Überlieferung</subfield><subfield code="2">idsbb</subfield></datafield><datafield ind1="0" ind2="0" tag="600"><subfield code="6">880-01</subfield><subfield code="a">Aristarchus</subfield><subfield code="c">of Samothrace</subfield><subfield code="d">approximately 217 B.C.-145 B.C.</subfield></datafield><datafield ind1=" " ind2="7" tag="650"><subfield code="a">Critique textuelle</subfield><subfield code="0">(IDREF)027231208</subfield><subfield code="2">idref</subfield></datafield><datafield ind1=" " ind2="7" tag="650"><subfield code="a">Scholion</subfield><subfield code="2">idszbz</subfield></datafield><datafield ind1=" " ind2="7" tag="650"><subfield code="a">Textkritik</subfield><subfield code="2">idszbz</subfield></datafield><datafield ind1=" " ind2="7" tag="650"><subfield code="a">Athetese</subfield><subfield code="0">(DE-588)4233676-4</subfield><subfield code="2">gnd</subfield></datafield><datafield ind1=" " ind2="7" tag="650"><subfield code="a">Scholion</subfield><subfield code="0">(DE-588)4193282-1</subfield><subfield code="2">gnd</subfield></datafield><datafield ind1=" " ind2="0" tag="650"><subfield code="a">Epic poetry, Greek</subfield><subfield code="x">History and criticism</subfield><subfield code="x">Theory, etc</subfield></datafield><datafield ind1=" " ind2="7" tag="655"><subfield code="a">Hochschulschrift</subfield><subfield code="2">gnd-content</subfield></datafield><datafield ind1=" " ind2=" " tag="691"><subfield code="e">883.01</subfield><subfield code="a">Narrativa e poesia epica in greco classico, origini-499</subfield><subfield code="2">usi-TE</subfield></datafield><datafield ind1=" " ind2="0" tag="830"><subfield code="a">Beiträge zur Altertumswissenschaft</subfield><subfield code="v">11</subfield><subfield code="w">(IDSBB)000005463DSV01</subfield></datafield><datafield ind1=" " ind2=" " tag="900"><subfield code="a">REROnoselfmerge</subfield></datafield><datafield ind1=" " ind2=" " tag="900"><subfield code="a">IDSZ1ZH</subfield></datafield></record>
</metadata></record>