<record><header><identifier>oai:alma.41SLSP_UGE:991000807839705502</identifier><datestamp>2023-03-01T01:10:17Z</datestamp><setSpec>uge_bcen_RapidILL_BOOK</setSpec><setSpec>uge_aaca_RapidILL_BOOK</setSpec><setSpec>uge_abels_RapidILL_BOOK</setSpec><setSpec>uge_dbu_RapidILL_BOOK</setSpec><setSpec>uge_cmu_RapidILL_BOOK</setSpec><setSpec>uge_mail_RapidILL_BOOK</setSpec><setSpec>UNIGE_ALL</setSpec><setSpec>uge_abbat_RapidILL_BOOK</setSpec><setSpec>uge_aobs_RapidILL_BOOK</setSpec><setSpec>uge_acar_RapidILL_BOOK</setSpec></header><metadata>
<record xmlns="http://www.loc.gov/MARC21/slim" xmlns:xsi="http://www.w3.org/2001/XMLSchema-instance" xsi:schemaLocation="http://www.loc.gov/MARC21/slim http://www.loc.gov/standards/marcxml/schema/MARC21slim.xsd"><leader>02278nam a2200661 c 4500</leader><controlfield tag="001">991000807839705502</controlfield><controlfield tag="005">20230205212616.0</controlfield><controlfield tag="008">201011t19811981xxu||||| |||| 00| ||eng d</controlfield><datafield ind1=" " ind2=" " tag="010"><subfield code="a">81008954</subfield></datafield><datafield ind1=" " ind2=" " tag="015"><subfield code="a">GB82-7903</subfield></datafield><datafield ind1=" " ind2=" " tag="020"><subfield code="a">0803915969</subfield><subfield code="q">paper</subfield></datafield><datafield ind1=" " ind2=" " tag="020"><subfield code="a">0803915950</subfield></datafield><datafield ind1=" " ind2=" " tag="020"><subfield code="a">9780803915954</subfield></datafield><datafield ind1=" " ind2=" " tag="020"><subfield code="a">9780803915961</subfield><subfield code="q">pbk.</subfield></datafield><datafield ind1="7" ind2=" " tag="024"><subfield code="a">http://catalogue.bnf.fr/ark:/12148/cb356615390</subfield><subfield code="2">uri</subfield></datafield><datafield ind1=" " ind2=" " tag="035"><subfield code="a">(swissbib)229735371-41slsp_network</subfield></datafield><datafield ind1=" " ind2=" " tag="035"><subfield code="a">229735371</subfield><subfield code="9">ExL</subfield></datafield><datafield ind1=" " ind2=" " tag="035"><subfield code="a">(RERO)0374835-41slsp</subfield></datafield><datafield ind1=" " ind2=" " tag="035"><subfield code="a">(NEBIS)002911084EBI01</subfield></datafield><datafield ind1=" " ind2=" " tag="035"><subfield code="a">(OCoLC)7574718</subfield><subfield code="z">(OCoLC)16553885</subfield></datafield><datafield ind1=" " ind2=" " tag="035"><subfield code="a">(EXLNZ-41SLSP_NETWORK)991057772199705501</subfield></datafield><datafield ind1=" " ind2=" " tag="040"><subfield code="a">RERO</subfield><subfield code="d">CH-ZuSLS</subfield></datafield><datafield ind1=" " ind2=" " tag="050"><subfield code="a">HA29</subfield><subfield code="b">.S638 1981</subfield></datafield><datafield ind1=" " ind2="7" tag="072"><subfield code="a">ss</subfield><subfield code="2">rero</subfield></datafield><datafield ind1="0" ind2="0" tag="082"><subfield code="a">300/.724</subfield><subfield code="2">19</subfield></datafield><datafield ind1="0" ind2="4" tag="082"><subfield code="a">300 .28</subfield><subfield code="2">19</subfield></datafield><datafield ind1="0" ind2="4" tag="082"><subfield code="a">300 .724</subfield><subfield code="2">19</subfield></datafield><datafield ind1="0" ind2="4" tag="082"><subfield code="a">300 .1 82</subfield><subfield code="2">18</subfield></datafield><datafield ind1="0" ind2="4" tag="082"><subfield code="a">300.72</subfield></datafield><datafield ind1=" " ind2=" " tag="084"><subfield code="a">70.03</subfield><subfield code="2">bcl</subfield></datafield><datafield ind1="0" ind2="0" tag="245"><subfield code="a">Social Measurement</subfield><subfield code="b">current issues</subfield><subfield code="c">George W. Bohrnstedt, Edgar F. Borgatta, eds</subfield></datafield><datafield ind1=" " ind2="1" tag="264"><subfield code="a">Beverly Hills</subfield><subfield code="a">London</subfield><subfield code="b">Sage Publ.</subfield><subfield code="c">[1981]</subfield></datafield><datafield ind1=" " ind2="4" tag="264"><subfield code="c">© 1981</subfield></datafield><datafield ind1=" " ind2=" " tag="300"><subfield code="a">254 p.</subfield><subfield code="b">ill.</subfield><subfield code="c">22 cm</subfield></datafield><datafield ind1=" " ind2=" " tag="336"><subfield code="b">txt</subfield><subfield code="2">rdacontent</subfield></datafield><datafield ind1=" " ind2=" " tag="337"><subfield code="b">n</subfield><subfield code="2">rdamedia</subfield></datafield><datafield ind1=" " ind2=" " tag="338"><subfield code="b">nc</subfield><subfield code="2">rdacarrier</subfield></datafield><datafield ind1=" " ind2=" " tag="504"><subfield code="a">Includes bibliographies</subfield></datafield><datafield ind1=" " ind2="7" tag="650"><subfield code="a">Mathématiques</subfield><subfield code="0">(IDREF)02723875X</subfield><subfield code="2">idref</subfield></datafield><datafield ind1=" " ind2="7" tag="650"><subfield code="a">Sciences sociales</subfield><subfield code="0">(IDREF)027248321</subfield><subfield code="2">idref</subfield></datafield><datafield ind1=" " ind2="0" tag="650"><subfield code="a">Social sciences</subfield><subfield code="x">Statistical methods</subfield></datafield><datafield ind1=" " ind2="0" tag="650"><subfield code="a">Social sciences</subfield><subfield code="x">Mathematical models</subfield></datafield><datafield ind1=" " ind2="6" tag="650"><subfield code="a">Sciences sociales</subfield><subfield code="x">Méthodes statistiques</subfield></datafield><datafield ind1=" " ind2="6" tag="650"><subfield code="a">Sciences sociales</subfield><subfield code="x">Modèles mathématiques</subfield></datafield><datafield ind1=" " ind2="7" tag="650"><subfield code="a">Sociale wetenschappen</subfield><subfield code="2">gtt</subfield></datafield><datafield ind1=" " ind2="7" tag="650"><subfield code="a">Statistische methoden</subfield><subfield code="2">gtt</subfield></datafield><datafield ind1=" " ind2="7" tag="650"><subfield code="a">Messung</subfield><subfield code="0">(DE-588)4038852-9</subfield><subfield code="2">gnd</subfield></datafield><datafield ind1=" " ind2="7" tag="650"><subfield code="a">Methode</subfield><subfield code="0">(DE-588)4038971-6</subfield><subfield code="2">gnd</subfield></datafield><datafield ind1=" " ind2="7" tag="650"><subfield code="a">Sozialwissenschaften</subfield><subfield code="0">(DE-588)4055916-6</subfield><subfield code="2">gnd</subfield></datafield><datafield ind1=" " ind2="7" tag="650"><subfield code="a">Soziologie</subfield><subfield code="0">(DE-588)4077624-4</subfield><subfield code="2">gnd</subfield></datafield><datafield ind1=" " ind2="7" tag="650"><subfield code="a">Statistik</subfield><subfield code="0">(DE-588)4056995-0</subfield><subfield code="2">gnd</subfield></datafield><datafield ind1=" " ind2="7" tag="655"><subfield code="a">[Études diverses]</subfield><subfield code="0">(RERO)A022249905</subfield><subfield code="2">rero</subfield></datafield><datafield ind1=" " ind2=" " tag="690"><subfield code="a">Sozialwissenschaften / Methode / 1980- ersch.</subfield><subfield code="2">uzb-Z9</subfield></datafield><datafield ind1="1" ind2=" " tag="700"><subfield code="a">Bohrnstedt, George William</subfield></datafield><datafield ind1="1" ind2=" " tag="700"><subfield code="a">Bohrnstedt, George W</subfield><subfield code="0">(RERO)A003019516</subfield></datafield><datafield ind1="1" ind2=" " tag="700"><subfield code="a">Borgatta, Edgar F</subfield><subfield code="d">1924-....</subfield><subfield code="0">(IDREF)031529577</subfield></datafield><datafield ind1=" " ind2=" " tag="900"><subfield code="a">REROnoselfmerge</subfield></datafield><datafield ind1=" " ind2=" " tag="900"><subfield code="a">IDSZRMedeaZBZ</subfield></datafield><datafield ind1=" " ind2=" " tag="911"><subfield code="a">700</subfield><subfield code="a">Borgatta, Edgar F</subfield><subfield code="d">1924-</subfield></datafield></record>
</metadata></record>