<record><header><identifier>oai:alma.41SLSP_UGE:991000808469705502</identifier><datestamp>2023-04-02T02:59:50Z</datestamp><setSpec>uge_bcen_RapidILL_BOOK</setSpec><setSpec>uge_aaca_RapidILL_BOOK</setSpec><setSpec>uge_abels_RapidILL_BOOK</setSpec><setSpec>uge_dbu_RapidILL_BOOK</setSpec><setSpec>uge_cmu_RapidILL_BOOK</setSpec><setSpec>uge_mail_RapidILL_BOOK</setSpec><setSpec>UNIGE_ALL</setSpec><setSpec>uge_abbat_RapidILL_BOOK</setSpec><setSpec>uge_acar_RapidILL_BOOK</setSpec><setSpec>uge_aobs_RapidILL_BOOK</setSpec></header><metadata>
<record xmlns="http://www.loc.gov/MARC21/slim" xmlns:xsi="http://www.w3.org/2001/XMLSchema-instance" xsi:schemaLocation="http://www.loc.gov/MARC21/slim http://www.loc.gov/standards/marcxml/schema/MARC21slim.xsd"><leader>02049nam a2200433 c 4500</leader><controlfield tag="001">991000808469705502</controlfield><controlfield tag="005">20230401181211.0</controlfield><controlfield tag="008">201012t19971997gw ||||| |||| 10| ||eng d</controlfield><datafield ind1=" " ind2=" " tag="020"><subfield code="a">3540638113</subfield></datafield><datafield ind1=" " ind2=" " tag="035"><subfield code="a">(swissbib)239461029-41slsp_network</subfield></datafield><datafield ind1=" " ind2=" " tag="035"><subfield code="a">239461029</subfield><subfield code="9">ExL</subfield></datafield><datafield ind1=" " ind2=" " tag="035"><subfield code="a">(RERO)R221923760-41slsp</subfield></datafield><datafield ind1=" " ind2=" " tag="035"><subfield code="a">(NEBIS)001838623EBI01</subfield></datafield><datafield ind1=" " ind2=" " tag="035"><subfield code="a">(EXLNZ-41SLSP_NETWORK)991158725899705501</subfield></datafield><datafield ind1=" " ind2=" " tag="040"><subfield code="a">RERO geucui</subfield><subfield code="d">CH-ZuSLS</subfield></datafield><datafield ind1=" " ind2="7" tag="072"><subfield code="a">in</subfield><subfield code="2">rero</subfield></datafield><datafield ind1="0" ind2="0" tag="245"><subfield code="a">Computer aided systems theory - EUROCAST'97</subfield><subfield code="b">a selection of papers from the 6th international workshop on computer aided systems theory, Las Palmas de Gran Canaria, Spain, February 24-28, 1997 : proceedings</subfield><subfield code="c">Franz Pichler, Roberto Moreno-Díaz, (eds.)</subfield></datafield><datafield ind1="1" ind2=" " tag="246"><subfield code="a">EUROCAST'97</subfield></datafield><datafield ind1="1" ind2=" " tag="246"><subfield code="a">EUROCAST '97</subfield></datafield><datafield ind1=" " ind2="1" tag="264"><subfield code="a">Berlin [etc.]</subfield><subfield code="b">Springer</subfield><subfield code="c">[1997]</subfield></datafield><datafield ind1=" " ind2="4" tag="264"><subfield code="c">©1997</subfield></datafield><datafield ind1=" " ind2=" " tag="300"><subfield code="a">XI, 626 p.</subfield><subfield code="b">ill.</subfield><subfield code="c">24 cm</subfield></datafield><datafield ind1=" " ind2=" " tag="336"><subfield code="b">txt</subfield><subfield code="2">rdacontent</subfield></datafield><datafield ind1=" " ind2=" " tag="337"><subfield code="b">n</subfield><subfield code="2">rdamedia</subfield></datafield><datafield ind1=" " ind2=" " tag="338"><subfield code="b">nc</subfield><subfield code="2">rdacarrier</subfield></datafield><datafield ind1="1" ind2=" " tag="490"><subfield code="a">Lecture notes in computer science</subfield><subfield code="v">1333</subfield></datafield><datafield ind1=" " ind2=" " tag="500"><subfield code="a">Variante du titre: EUROCAST'97</subfield></datafield><datafield ind1=" " ind2="7" tag="650"><subfield code="a">Conception assistée par ordinateur</subfield><subfield code="0">(IDREF)027723275</subfield><subfield code="2">idref</subfield></datafield><datafield ind1=" " ind2="7" tag="650"><subfield code="a">Systèmes complexes</subfield><subfield code="0">(IDREF)171979044</subfield><subfield code="2">idref</subfield></datafield><datafield ind1=" " ind2="7" tag="650"><subfield code="a">CAST (COMPUTER AIDED SYSTEMS THEORY)</subfield><subfield code="9">ger</subfield><subfield code="0">(ETHUDK)000048943</subfield><subfield code="2">ethudk</subfield></datafield><datafield ind1=" " ind2="7" tag="650"><subfield code="a">SYSTEMTECHNIK (KYBERNETIK)</subfield><subfield code="9">ger</subfield><subfield code="0">(ETHUDK)000049616</subfield><subfield code="2">ethudk</subfield></datafield><datafield ind1=" " ind2="7" tag="655"><subfield code="a">Actes de congrès</subfield><subfield code="0">(IDREF)02886431X</subfield><subfield code="2">idref</subfield></datafield><datafield ind1=" " ind2="7" tag="655"><subfield code="a">Konferenzschrift</subfield><subfield code="z">Las Palmas</subfield><subfield code="y">1997/02</subfield><subfield code="2">gnd-content</subfield></datafield><datafield ind1="1" ind2=" " tag="700"><subfield code="a">Pichler, Franz</subfield><subfield code="0">(RERO)A003692306</subfield><subfield code="4">edt</subfield></datafield><datafield ind1="2" ind2=" " tag="711"><subfield code="a">European Workshop on Computer Aided Systems Theory</subfield><subfield code="0">(DE-588)1091932050</subfield></datafield><datafield ind1="2" ind2=" " tag="711"><subfield code="a">International Workshop on Computer Aided Systems Theory</subfield><subfield code="n">6</subfield><subfield code="d">1997</subfield><subfield code="c">Las Palmas de Gran Canaria</subfield><subfield code="0">(RERO)A012375840</subfield></datafield><datafield ind1="4" ind2=" " tag="856"><subfield code="3">Abstract / Autoreninformation</subfield><subfield code="u">https://toc.library.ethz.ch/objects/pdf/000021519_e01_3540638113_02.pdf</subfield><subfield code="q">pdf</subfield></datafield><datafield ind1=" " ind2=" " tag="830"><subfield code="a">Lecture notes in computer science</subfield><subfield code="n">1 (1973) - 2999 (2004)</subfield><subfield code="v">1333</subfield><subfield code="w">(NEBIS)000025969EBI01</subfield></datafield><datafield ind1=" " ind2=" " tag="830"><subfield code="a">Lecture notes in computer science</subfield><subfield code="v">1333</subfield><subfield code="w">(RERO)0078255-41slsp</subfield></datafield><datafield ind1=" " ind2=" " tag="900"><subfield code="a">REROnoselfmerge</subfield></datafield></record>
</metadata></record>