<record><header><identifier>oai:alma.41SLSP_UGE:991000807739705502</identifier><datestamp>2024-03-21T01:19:07Z</datestamp><setSpec>uge_bcen_RapidILL_BOOK</setSpec><setSpec>uge_aaca_RapidILL_BOOK</setSpec><setSpec>uge_abels_RapidILL_BOOK</setSpec><setSpec>uge_dbu_RapidILL_BOOK</setSpec><setSpec>uge_cmu_RapidILL_BOOK</setSpec><setSpec>uge_mail_RapidILL_BOOK</setSpec><setSpec>uge_abbat_RapidILL_BOOK</setSpec><setSpec>UNIGE_ALL</setSpec><setSpec>uge_aobs_RapidILL_BOOK</setSpec><setSpec>uge_acar_RapidILL_BOOK</setSpec></header><metadata>
<record xmlns="http://www.loc.gov/MARC21/slim" xmlns:xsi="http://www.w3.org/2001/XMLSchema-instance" xsi:schemaLocation="http://www.loc.gov/MARC21/slim http://www.loc.gov/standards/marcxml/schema/MARC21slim.xsd"><leader>01176nam a2200313 c 4500</leader><controlfield tag="001">991000807739705502</controlfield><controlfield tag="005">20240320214921.0</controlfield><controlfield tag="008">000929s1595    fr ||||| |||| 00| ||fre d</controlfield><datafield ind1=" " ind2=" " tag="035"><subfield code="a">(swissbib)08834035X-41slsp_network</subfield></datafield><datafield ind1=" " ind2=" " tag="035"><subfield code="a">08834035X</subfield><subfield code="9">ExL</subfield></datafield><datafield ind1=" " ind2=" " tag="035"><subfield code="a">(RERO)1795706-41slsp</subfield></datafield><datafield ind1=" " ind2=" " tag="035"><subfield code="a">(EXLNZ-41SLSP_NETWORK)991039995559705501</subfield></datafield><datafield ind1=" " ind2=" " tag="040"><subfield code="a">RERO gevbpu</subfield><subfield code="d">CH-ZuSLS</subfield></datafield><datafield ind1=" " ind2="7" tag="072"><subfield code="a">hg</subfield><subfield code="2">rero</subfield></datafield><datafield ind1=" " ind2="7" tag="072"><subfield code="a">th</subfield><subfield code="2">rero</subfield></datafield><datafield ind1=" " ind2=" " tag="084"><subfield code="a">531.A.H</subfield><subfield code="2">brp</subfield></datafield><datafield ind1="1" ind2=" " tag="100"><subfield code="a">Raemond, Florimond de</subfield><subfield code="d">1540?-1601</subfield><subfield code="0">(IDREF)029309654</subfield><subfield code="4">cre</subfield></datafield><datafield ind1="1" ind2="0" tag="245"><subfield code="a">Erreur populaire de la papesse Jane</subfield><subfield code="c">par Florimond de Raemound, conseiller du roy au parlement de Bourdeaux</subfield></datafield><datafield ind1=" " ind2="1" tag="264"><subfield code="a">A Lyon</subfield><subfield code="b">par Benoist Rigaud</subfield><subfield code="c">1595</subfield></datafield><datafield ind1=" " ind2=" " tag="300"><subfield code="a">2 part en 1 vol. ([16], 316, 99 p.)</subfield><subfield code="c">8⁰ (17 cm)</subfield></datafield><datafield ind1=" " ind2=" " tag="336"><subfield code="b">txt</subfield><subfield code="2">rdacontent</subfield></datafield><datafield ind1=" " ind2=" " tag="337"><subfield code="b">n</subfield><subfield code="2">rdamedia</subfield></datafield><datafield ind1=" " ind2=" " tag="338"><subfield code="b">nc</subfield><subfield code="2">rdacarrier</subfield></datafield><datafield ind1=" " ind2=" " tag="500"><subfield code="a">Sig. [stilet]⁸, A-2C⁸</subfield></datafield><datafield ind1=" " ind2=" " tag="500"><subfield code="a">Empreinte: E.R- *.&lt;n&gt;. uren quIL (3) Md:.XCV.</subfield></datafield><datafield ind1="3" ind2=" " tag="510"><subfield code="a">Baudrier 3e série, p. 437</subfield></datafield><datafield ind1="0" ind2="7" tag="600"><subfield code="a">Jeanne</subfield><subfield code="c">papesse</subfield><subfield code="c">personnage légendaire</subfield><subfield code="0">(IDREF)027396428</subfield><subfield code="2">idref</subfield></datafield><datafield ind1="1" ind2=" " tag="700"><subfield code="a">Rigaud, Benoît</subfield><subfield code="d">15..-1597</subfield><subfield code="0">(IDREF)069304300</subfield><subfield code="4">prt</subfield></datafield><datafield ind1=" " ind2=" " tag="751"><subfield code="a">Lyon (Rhône)</subfield><subfield code="4">pup</subfield><subfield code="0">(IDREF)027262782</subfield></datafield><datafield ind1=" " ind2=" " tag="900"><subfield code="a">REROswissbibnomerge</subfield></datafield><datafield ind1=" " ind2=" " tag="993"><subfield code="a">IHR O 552 (1)</subfield><subfield code="x">ge/uihr/a/2686</subfield><subfield code="9">LOCAL</subfield></datafield></record>
</metadata></record>