<record><header><identifier>oai:alma.41SLSP_UGE:991000808159705502</identifier><datestamp>2024-10-17T00:10:20Z</datestamp><setSpec>uge_bcen_RapidILL_BOOK</setSpec><setSpec>uge_aaca_RapidILL_BOOK</setSpec><setSpec>uge_abels_RapidILL_BOOK</setSpec><setSpec>uge_dbu_RapidILL_BOOK</setSpec><setSpec>uge_cmu_RapidILL_BOOK</setSpec><setSpec>uge_mail_RapidILL_BOOK</setSpec><setSpec>uge_abbat_RapidILL_BOOK</setSpec><setSpec>UNIGE_ALL</setSpec><setSpec>uge_aobs_RapidILL_BOOK</setSpec><setSpec>uge_acar_RapidILL_BOOK</setSpec></header><metadata>
<record xmlns="http://www.loc.gov/MARC21/slim" xmlns:xsi="http://www.w3.org/2001/XMLSchema-instance" xsi:schemaLocation="http://www.loc.gov/MARC21/slim http://www.loc.gov/standards/marcxml/schema/MARC21slim.xsd"><leader>01764nam a2200481 c 4500</leader><controlfield tag="001">991000808159705502</controlfield><controlfield tag="005">20241016202200.0</controlfield><controlfield tag="008">201011s1998    xxk||||| |||| 00| ||eng d</controlfield><datafield ind1=" " ind2=" " tag="010"><subfield code="a">97021777</subfield></datafield><datafield ind1=" " ind2=" " tag="019"><subfield code="a">Veel, Robert (1962-) / Library of Congress</subfield></datafield><datafield ind1=" " ind2=" " tag="020"><subfield code="a">0415167906</subfield><subfield code="q">pbk.</subfield></datafield><datafield ind1=" " ind2=" " tag="020"><subfield code="a">0415167892</subfield><subfield code="q">hbk.</subfield></datafield><datafield ind1=" " ind2=" " tag="035"><subfield code="a">(swissbib)227146174-41slsp_network</subfield></datafield><datafield ind1=" " ind2=" " tag="035"><subfield code="a">227146174</subfield><subfield code="9">ExL</subfield></datafield><datafield ind1=" " ind2=" " tag="035"><subfield code="a">(RERO)R264756860-41slsp</subfield></datafield><datafield ind1=" " ind2=" " tag="035"><subfield code="a">(NEBIS)001955345EBI01</subfield></datafield><datafield ind1=" " ind2=" " tag="035"><subfield code="a">(IDSBB)002224798DSV01</subfield></datafield><datafield ind1=" " ind2=" " tag="035"><subfield code="a">(EXLNZ-41SLSP_NETWORK)991153069149705501</subfield></datafield><datafield ind1=" " ind2=" " tag="040"><subfield code="a">RERO labcud</subfield><subfield code="d">CH-ZuSLS</subfield></datafield><datafield ind1=" " ind2="7" tag="072"><subfield code="a">lg</subfield><subfield code="2">rero</subfield></datafield><datafield ind1=" " ind2="7" tag="072"><subfield code="a">as</subfield><subfield code="2">SzZuIDS BS/BE</subfield></datafield><datafield ind1="0" ind2="4" tag="082"><subfield code="a">501.4</subfield><subfield code="2">22</subfield></datafield><datafield ind1=" " ind2=" " tag="084"><subfield code="a">ES 155</subfield><subfield code="2">rvk</subfield></datafield><datafield ind1=" " ind2=" " tag="084"><subfield code="a">UB 4052</subfield><subfield code="2">rvk</subfield></datafield><datafield ind1="0" ind2="0" tag="245"><subfield code="a">Reading science</subfield><subfield code="b">critical and functional perspectives on discourses of science</subfield><subfield code="c">ed. by J.R. Martin ... [et al.]</subfield></datafield><datafield ind1=" " ind2="1" tag="264"><subfield code="a">London [etc.]</subfield><subfield code="b">Routledge</subfield><subfield code="c">1998</subfield></datafield><datafield ind1=" " ind2=" " tag="300"><subfield code="a">IX, 368 S.</subfield><subfield code="b">Ill., Fig., Tab.</subfield><subfield code="c">24 cm</subfield></datafield><datafield ind1=" " ind2=" " tag="336"><subfield code="b">txt</subfield><subfield code="2">rdacontent</subfield></datafield><datafield ind1=" " ind2=" " tag="337"><subfield code="b">n</subfield><subfield code="2">rdamedia</subfield></datafield><datafield ind1=" " ind2=" " tag="338"><subfield code="b">nc</subfield><subfield code="2">rdacarrier</subfield></datafield><datafield ind1=" " ind2=" " tag="504"><subfield code="a">Literaturverz.</subfield></datafield><datafield ind1=" " ind2="7" tag="650"><subfield code="a">Langage scientifique et technique</subfield><subfield code="0">(IDREF)027836053</subfield><subfield code="2">idref</subfield></datafield><datafield ind1=" " ind2="7" tag="650"><subfield code="a">Language of science</subfield><subfield code="2">idszbzes</subfield></datafield><datafield ind1=" " ind2="7" tag="650"><subfield code="a">Critical discourse analysis</subfield><subfield code="2">idszbzes</subfield></datafield><datafield ind1=" " ind2="7" tag="650"><subfield code="a">Wissenschaft</subfield><subfield code="x">Diskursanalyse</subfield><subfield code="v">Kongressbericht</subfield><subfield code="2">idsbb</subfield></datafield><datafield ind1=" " ind2="7" tag="650"><subfield code="a">Diskursanalyse</subfield><subfield code="x">Wissenschaft</subfield><subfield code="v">Kongressbericht</subfield><subfield code="2">idsbb</subfield></datafield><datafield ind1=" " ind2="7" tag="650"><subfield code="a">Rhetorik</subfield><subfield code="x">Wissenschaft</subfield><subfield code="v">Kongressbericht</subfield><subfield code="2">idsbb</subfield></datafield><datafield ind1=" " ind2="7" tag="650"><subfield code="a">Wissenschaft</subfield><subfield code="x">Rhetorik</subfield><subfield code="v">Kongressbericht</subfield><subfield code="2">idsbb</subfield></datafield><datafield ind1=" " ind2="7" tag="655"><subfield code="a">[Études diverses]</subfield><subfield code="0">(RERO)A022249905</subfield><subfield code="2">rero</subfield></datafield><datafield ind1="1" ind2=" " tag="700"><subfield code="a">Martin, J. R.</subfield><subfield code="d">1950-</subfield><subfield code="0">(DE-588)124113435</subfield><subfield code="6">880-02</subfield></datafield><datafield ind1="1" ind2=" " tag="880"><subfield code="a">Martin, J.R</subfield><subfield code="0">(RERO)A003566296</subfield><subfield code="6">700-02</subfield></datafield><datafield ind1=" " ind2=" " tag="900"><subfield code="a">REROnoselfmerge</subfield></datafield><datafield ind1=" " ind2=" " tag="900"><subfield code="a">IDSE5E87ANH-2007</subfield></datafield><datafield ind1=" " ind2=" " tag="900"><subfield code="a">IDSZ2esmon2000</subfield><subfield code="d">IDSZ2esswk200006b</subfield><subfield code="e">IDSZ2engl</subfield></datafield></record>
</metadata></record>