<record><header><identifier>oai:alma.41SLSP_UGE:991000808139705502</identifier><datestamp>2023-03-01T01:10:17Z</datestamp><setSpec>UNIGE_ALL</setSpec></header><metadata>
<record xmlns="http://www.loc.gov/MARC21/slim" xmlns:xsi="http://www.w3.org/2001/XMLSchema-instance" xsi:schemaLocation="http://www.loc.gov/MARC21/slim http://www.loc.gov/standards/marcxml/schema/MARC21slim.xsd"><leader>02085njm a2200457 ca4500</leader><controlfield tag="001">991000808139705502</controlfield><controlfield tag="005">20211102200323.0</controlfield><controlfield tag="007">sd f||g|||||||</controlfield><controlfield tag="008">201012s1961    xx ||n||            ger d</controlfield><datafield ind1="0" ind2="2" tag="028"><subfield code="a">DG 431 737-2</subfield></datafield><datafield ind1="0" ind2="2" tag="028"><subfield code="a">431737-2</subfield></datafield><datafield ind1=" " ind2=" " tag="035"><subfield code="a">(swissbib)242707785-41slsp_network</subfield></datafield><datafield ind1=" " ind2=" " tag="035"><subfield code="a">242707785</subfield><subfield code="9">ExL</subfield></datafield><datafield ind1=" " ind2=" " tag="035"><subfield code="a">(RERO)1418372-41slsp</subfield></datafield><datafield ind1=" " ind2=" " tag="035"><subfield code="a">(IDSBB)001916408DSV01</subfield></datafield><datafield ind1=" " ind2=" " tag="035"><subfield code="a">(EXLNZ-41SLSP_NETWORK)991090473989705501</subfield></datafield><datafield ind1=" " ind2=" " tag="040"><subfield code="a">RERO labcur</subfield><subfield code="d">CH-ZuSLS</subfield></datafield><datafield ind1=" " ind2="7" tag="072"><subfield code="a">mu</subfield><subfield code="2">rero</subfield></datafield><datafield ind1=" " ind2="7" tag="072"><subfield code="a">mu</subfield><subfield code="2">SzZuIDS BS/BE</subfield></datafield><datafield ind1="1" ind2="4" tag="082"><subfield code="a">780</subfield><subfield code="2">15</subfield></datafield><datafield ind1="1" ind2=" " tag="100"><subfield code="6">880-01</subfield><subfield code="a">Strauss, Richard</subfield><subfield code="d">1864-1949</subfield><subfield code="0">(IDREF)079207006</subfield><subfield code="4">cre</subfield></datafield><datafield ind1="1" ind2=" " tag="880"><subfield code="a">Strauss, Richard</subfield><subfield code="d">1864-1949</subfield><subfield code="0">(DE-588)11861911X</subfield><subfield code="6">100-01</subfield></datafield><datafield ind1="1" ind2="0" tag="240"><subfield code="a">Elektra</subfield></datafield><datafield ind1="1" ind2="0" tag="245"><subfield code="a">Elektra</subfield><subfield code="c">Richard Strauss</subfield></datafield><datafield ind1=" " ind2="1" tag="264"><subfield code="a">[Lieu de publication non identifié]</subfield><subfield code="b">Deutsche Grammophon</subfield><subfield code="c">P 1961</subfield></datafield><datafield ind1=" " ind2=" " tag="300"><subfield code="a">2 DISQUES COMPACTS EN 1 COFFRET</subfield><subfield code="b">stéréo (ADD)</subfield><subfield code="e">1 livret</subfield></datafield><datafield ind1=" " ind2=" " tag="336"><subfield code="b">prm</subfield><subfield code="2">rdacontent</subfield></datafield><datafield ind1=" " ind2=" " tag="337"><subfield code="b">s</subfield><subfield code="2">rdamedia</subfield></datafield><datafield ind1=" " ind2=" " tag="338"><subfield code="b">sd</subfield><subfield code="2">rdacarrier</subfield></datafield><datafield ind1=" " ind2=" " tag="500"><subfield code="a">Tragédie en un acte de Hugo von Hofmannsthal</subfield></datafield><datafield ind1="0" ind2=" " tag="511"><subfield code="a">Interpr.: Böhm, Karl (direction) ; Madeira, Jean (mezzo-Soprano, Klytämnestra) ; Borkh, Inge (soprano, Elektra) ; Uhl, Fritz (ténor, Aegisth) ; Fischer-Dieskau, Dietrich (baryton, Orest) ; Staatsoper (Dresden). Chor (choeur.)</subfield></datafield><datafield ind1="0" ind2=" " tag="511"><subfield code="a">Interpr.: Böhm / Hintze / Madeira, Borkh, Schech, Uhl, Fischer-Dieskau, Teschler, Reinecke, Ambros, Unger, Vogel, Steingruber, Ahlin, Sjöstedt, Wagner, Hellwig, Scheyrer / Staatskapelle Dresden / Chor der Staatsoper Dresden</subfield></datafield><datafield ind1=" " ind2=" " tag="520"><subfield code="a">Elektra: Tragödie in einem Aufzug, op.58. Libretto: Hugo von Hofmannsthal</subfield><subfield code="5">IDSBB/?/bestub</subfield></datafield><datafield ind1=" " ind2="7" tag="655"><subfield code="a">CD</subfield><subfield code="2">gnd-carrier</subfield></datafield><datafield ind1="1" ind2=" " tag="700"><subfield code="a">Böhm, Karl</subfield><subfield code="d">1894-1981</subfield><subfield code="0">(IDREF)026727102</subfield></datafield><datafield ind1="1" ind2=" " tag="700"><subfield code="a">Madeira, Jean</subfield><subfield code="d">1918-1972</subfield><subfield code="0">(IDREF)165316446</subfield></datafield><datafield ind1="1" ind2=" " tag="700"><subfield code="a">Borkh, Inge</subfield><subfield code="0">(RERO)A003026544</subfield></datafield><datafield ind1="1" ind2=" " tag="700"><subfield code="a">Uhl, Fritz</subfield><subfield code="d">1928-2001</subfield><subfield code="0">(IDREF)154981656</subfield></datafield><datafield ind1="1" ind2=" " tag="700"><subfield code="a">Fischer-Dieskau, Dietrich</subfield><subfield code="d">1925-2012</subfield><subfield code="0">(IDREF)03087937X</subfield></datafield><datafield ind1="2" ind2=" " tag="710"><subfield code="a">Staatsoper</subfield><subfield code="g">Dresde, Allemagne</subfield><subfield code="b">Orchester</subfield><subfield code="0">(IDREF)080563392</subfield></datafield><datafield ind1="2" ind2=" " tag="710"><subfield code="a">Staatsoper</subfield><subfield code="g">Dresde, Allemagne</subfield><subfield code="b">Chor</subfield><subfield code="0">(IDREF)078060249</subfield></datafield><datafield ind1=" " ind2=" " tag="900"><subfield code="a">REROnoselfmerge</subfield></datafield><datafield ind1=" " ind2=" " tag="960"><subfield code="2">matmu</subfield><subfield code="a">Allemagne ; XIXe-XXe ; ch,orch ; opéra</subfield><subfield code="9">LOCAL</subfield></datafield></record>
</metadata></record>