<record><header><identifier>oai:alma.41SLSP_UGE:991000807939705502</identifier><datestamp>2023-11-25T03:32:36Z</datestamp><setSpec>uge_bcen_RapidILL_BOOK</setSpec><setSpec>uge_aaca_RapidILL_BOOK</setSpec><setSpec>uge_abels_RapidILL_BOOK</setSpec><setSpec>uge_dbu_RapidILL_BOOK</setSpec><setSpec>uge_cmu_RapidILL_BOOK</setSpec><setSpec>uge_mail_RapidILL_BOOK</setSpec><setSpec>uge_abbat_RapidILL_BOOK</setSpec><setSpec>UNIGE_ALL</setSpec><setSpec>uge_aobs_RapidILL_BOOK</setSpec><setSpec>uge_acar_RapidILL_BOOK</setSpec></header><metadata>
<record xmlns="http://www.loc.gov/MARC21/slim" xmlns:xsi="http://www.w3.org/2001/XMLSchema-instance" xsi:schemaLocation="http://www.loc.gov/MARC21/slim http://www.loc.gov/standards/marcxml/schema/MARC21slim.xsd"><leader>01484naa a2200313 c 4500</leader><controlfield tag="001">991000807939705502</controlfield><controlfield tag="005">20230629193728.0</controlfield><controlfield tag="008">090313s2009    sz ||||| |||| 00| ||fre d</controlfield><datafield ind1=" " ind2=" " tag="035"><subfield code="a">(swissbib)107819775-41slsp_network</subfield></datafield><datafield ind1=" " ind2=" " tag="035"><subfield code="a">107819775</subfield><subfield code="9">ExL</subfield></datafield><datafield ind1=" " ind2=" " tag="035"><subfield code="a">(RERO)R005016619-41slsp</subfield></datafield><datafield ind1=" " ind2=" " tag="035"><subfield code="a">(ALEX)bv001400336</subfield></datafield><datafield ind1=" " ind2=" " tag="035"><subfield code="a">(EXLNZ-41SLSP_NETWORK)991016981849705501</subfield></datafield><datafield ind1=" " ind2=" " tag="040"><subfield code="a">RERO frbcuc</subfield><subfield code="d">CH-ZuSLS</subfield></datafield><datafield ind1=" " ind2=" " tag="044"><subfield code="a">sz</subfield><subfield code="c">ch-bs</subfield></datafield><datafield ind1=" " ind2="7" tag="072"><subfield code="a">dr</subfield><subfield code="2">rero</subfield></datafield><datafield ind1=" " ind2=" " tag="084"><subfield code="a">CA/CH 84 i</subfield><subfield code="2">cjurrom</subfield></datafield><datafield ind1="1" ind2=" " tag="100"><subfield code="a">Schaller, Olivier </subfield><subfield code="d">1966-....</subfield><subfield code="0">(IDREF)070275246</subfield><subfield code="4">cre</subfield></datafield><datafield ind1="1" ind2="0" tag="245"><subfield code="a">Ce qu'il faut retenir des (r)évolutions cartellaires 2008</subfield><subfield code="c">Olivier Schaller</subfield></datafield><datafield ind1=" " ind2=" " tag="336"><subfield code="b">txt</subfield><subfield code="2">rdacontent</subfield></datafield><datafield ind1=" " ind2=" " tag="337"><subfield code="b">n</subfield><subfield code="2">rdamedia</subfield></datafield><datafield ind1=" " ind2=" " tag="338"><subfield code="b">nc</subfield><subfield code="2">rdacarrier</subfield></datafield><datafield ind1=" " ind2=" " tag="580"><subfield code="a">In: Revue de l'avocat. - Basel. - 12(2009), no 2, p. 83-86</subfield></datafield><datafield ind1=" " ind2="7" tag="650"><subfield code="a">Kartell</subfield><subfield code="9">ger</subfield><subfield code="0">(RERO)jurivoc000012504ger</subfield><subfield code="2">jurivoc</subfield></datafield><datafield ind1=" " ind2="7" tag="650"><subfield code="a">Wettbewerbskommission</subfield><subfield code="9">ger</subfield><subfield code="0">(RERO)jurivoc000026451ger</subfield><subfield code="2">jurivoc</subfield></datafield><datafield ind1=" " ind2="7" tag="650"><subfield code="a">aussergerichtlicher Vergleich</subfield><subfield code="9">ger</subfield><subfield code="0">(RERO)jurivoc000002416ger</subfield><subfield code="2">jurivoc</subfield></datafield><datafield ind1=" " ind2="7" tag="650"><subfield code="a">Richtlinie(allgemein)</subfield><subfield code="9">ger</subfield><subfield code="0">(RERO)jurivoc000018951ger</subfield><subfield code="2">jurivoc</subfield></datafield><datafield ind1=" " ind2="7" tag="650"><subfield code="a">Preis</subfield><subfield code="9">ger</subfield><subfield code="0">(RERO)jurivoc000017551ger</subfield><subfield code="2">jurivoc</subfield></datafield><datafield ind1=" " ind2="7" tag="650"><subfield code="a">Wirtschaftsverband</subfield><subfield code="9">ger</subfield><subfield code="0">(RERO)jurivoc000026729ger</subfield><subfield code="2">jurivoc</subfield></datafield><datafield ind1=" " ind2="7" tag="651"><subfield code="a">Schweiz</subfield><subfield code="9">ger</subfield><subfield code="0">(RERO)jurivoc000019912ger</subfield><subfield code="2">jurivoc</subfield></datafield><datafield ind1="0" ind2=" " tag="773"><subfield code="t">Anwaltsrevue : Publikationen des Schweizerischen Anwaltsverbandes = Revue de l'avocat : publications de la Fédération suisse des avocats : pubblicazioni della Federazione svizzera degli avvocati</subfield><subfield code="g">2009/83</subfield><subfield code="g">yr:2009</subfield><subfield code="w">(RERO)R231335760-41slsp</subfield></datafield></record>
</metadata></record>