<record><header><identifier>oai:alma.41SLSP_UGE:991000776839705502</identifier><datestamp>2024-11-05T01:07:02Z</datestamp><setSpec>uge_bcen_RapidILL_BOOK</setSpec><setSpec>uge_aaca_RapidILL_BOOK</setSpec><setSpec>uge_abels_RapidILL_BOOK</setSpec><setSpec>uge_dbu_RapidILL_BOOK</setSpec><setSpec>uge_cmu_RapidILL_BOOK</setSpec><setSpec>uge_mail_RapidILL_BOOK</setSpec><setSpec>uge_abbat_RapidILL_BOOK</setSpec><setSpec>UNIGE_ALL</setSpec><setSpec>uge_acar_RapidILL_BOOK</setSpec><setSpec>uge_aobs_RapidILL_BOOK</setSpec></header><metadata>
<record xmlns="http://www.loc.gov/MARC21/slim" xmlns:xsi="http://www.w3.org/2001/XMLSchema-instance" xsi:schemaLocation="http://www.loc.gov/MARC21/slim http://www.loc.gov/standards/marcxml/schema/MARC21slim.xsd"><leader>01361nam a22002897c 4500</leader><controlfield tag="001">991000776839705502</controlfield><controlfield tag="005">20241104162725.0</controlfield><controlfield tag="008">860226m18301832fr ||||| |||| 00| ||fre d</controlfield><datafield ind1=" " ind2=" " tag="035"><subfield code="a">(swissbib)080610463-41slsp_network</subfield></datafield><datafield ind1=" " ind2=" " tag="035"><subfield code="a">080610463</subfield><subfield code="9">ExL</subfield></datafield><datafield ind1=" " ind2=" " tag="035"><subfield code="a">(RERO)0686539-41slsp</subfield></datafield><datafield ind1=" " ind2=" " tag="035"><subfield code="a">(EXLNZ-41SLSP_NETWORK)991119165019705501</subfield></datafield><datafield ind1=" " ind2=" " tag="040"><subfield code="a">RERO labcud</subfield><subfield code="d">CH-ZuSLS</subfield></datafield><datafield ind1=" " ind2="7" tag="072"><subfield code="a">ht</subfield><subfield code="2">rero</subfield></datafield><datafield ind1="1" ind2=" " tag="100"><subfield code="a">Roehrich, Timotheus Wilhelm</subfield><subfield code="0">(RERO)A003754754</subfield><subfield code="4">cre</subfield></datafield><datafield ind1="1" ind2="0" tag="245"><subfield code="a">Geschichte der Reformation im Elsass und besonders in Strasburg, nach gleichzeitigen Quellen bearbeitet</subfield><subfield code="c">Timotheus Wilhelm Roehrich</subfield></datafield><datafield ind1=" " ind2="1" tag="264"><subfield code="a">Strasburg</subfield><subfield code="b">Friedrich Carl Heiss</subfield><subfield code="c">1830-1832</subfield></datafield><datafield ind1=" " ind2=" " tag="300"><subfield code="a">3 vol.</subfield><subfield code="c">8⁰</subfield></datafield><datafield ind1=" " ind2=" " tag="336"><subfield code="b">txt</subfield><subfield code="2">rdacontent</subfield></datafield><datafield ind1=" " ind2=" " tag="337"><subfield code="b">n</subfield><subfield code="2">rdamedia</subfield></datafield><datafield ind1=" " ind2=" " tag="338"><subfield code="b">nc</subfield><subfield code="2">rdacarrier</subfield></datafield><datafield ind1=" " ind2="7" tag="650"><subfield code="a">Réforme protestante</subfield><subfield code="0">(IDREF)027341836</subfield><subfield code="2">idref</subfield></datafield><datafield ind1=" " ind2="7" tag="651"><subfield code="a">Alsace (France)</subfield><subfield code="0">(IDREF)02788743X</subfield><subfield code="2">idref</subfield></datafield><datafield ind1=" " ind2="7" tag="651"><subfield code="a">Strasbourg (Bas-Rhin)</subfield><subfield code="0">(IDREF)027249530</subfield><subfield code="2">idref</subfield></datafield><datafield ind1="0" ind2="8" tag="776"><subfield code="i">Publié également comme</subfield><subfield code="n">édition en ligne</subfield><subfield code="t">Geschichte der Reformation im Elsass und besonders in Strasburg, nach gleichzeitigen Quellen bearbeitet</subfield><subfield code="w">991171978521605501</subfield></datafield><datafield ind1="4" ind2="1" tag="856"><subfield code="3">Texte intégral Part. 1</subfield><subfield code="u">http://books.google.ch/books?vid=BCUL1092735433</subfield><subfield code="z">[VOL. 1]</subfield><subfield code="z">Googlos 2007-2009</subfield></datafield><datafield ind1="4" ind2="1" tag="856"><subfield code="3">Texte intégral Part. 2-3</subfield><subfield code="u">http://books.google.ch/books?vid=BCUL1092735434</subfield><subfield code="z">[VOL. 2]</subfield><subfield code="z">Googlos 2007-2009</subfield></datafield><datafield ind1=" " ind2=" " tag="900"><subfield code="a">REROswissbibnomerge</subfield></datafield><datafield ind1=" " ind2=" " tag="993"><subfield code="a">MHR Rl 13</subfield><subfield code="x">ge/mhr-/46</subfield><subfield code="9">LOCAL</subfield></datafield></record>
</metadata></record>