<record><header><identifier>oai:alma.41SLSP_UGE:991000777669705502</identifier><datestamp>2024-03-08T01:29:42Z</datestamp><setSpec>uge_bcen_RapidILL_BOOK</setSpec><setSpec>uge_aaca_RapidILL_BOOK</setSpec><setSpec>uge_abels_RapidILL_BOOK</setSpec><setSpec>uge_dbu_RapidILL_BOOK</setSpec><setSpec>uge_cmu_RapidILL_BOOK</setSpec><setSpec>uge_mail_RapidILL_BOOK</setSpec><setSpec>uge_abbat_RapidILL_BOOK</setSpec><setSpec>UNIGE_ALL</setSpec><setSpec>uge_acar_RapidILL_BOOK</setSpec><setSpec>uge_aobs_RapidILL_BOOK</setSpec></header><metadata>
<record xmlns="http://www.loc.gov/MARC21/slim" xmlns:xsi="http://www.w3.org/2001/XMLSchema-instance" xsi:schemaLocation="http://www.loc.gov/MARC21/slim http://www.loc.gov/standards/marcxml/schema/MARC21slim.xsd"><leader>01993nam a2200553uc 4500</leader><controlfield tag="001">991000777669705502</controlfield><controlfield tag="005">20240307221547.0</controlfield><controlfield tag="008">201011t19801980gw ||||| |||| 00| ||ger d</controlfield><datafield ind1=" " ind2=" " tag="020"><subfield code="a">353807030X</subfield></datafield><datafield ind1=" " ind2=" " tag="035"><subfield code="a">(swissbib)215757521-41slsp_network</subfield></datafield><datafield ind1=" " ind2=" " tag="035"><subfield code="a">215757521</subfield><subfield code="9">ExL</subfield></datafield><datafield ind1=" " ind2=" " tag="035"><subfield code="a">(IDSBB)000009380DSV01</subfield></datafield><datafield ind1=" " ind2=" " tag="035"><subfield code="a">(IDSLU)000619260ILU01</subfield></datafield><datafield ind1=" " ind2=" " tag="035"><subfield code="a">(NEBIS)002926683EBI01</subfield></datafield><datafield ind1=" " ind2=" " tag="035"><subfield code="a">(RERO)0615832-41slsp</subfield></datafield><datafield ind1=" " ind2=" " tag="035"><subfield code="a">(ABN)000033587ABN01</subfield></datafield><datafield ind1=" " ind2=" " tag="035"><subfield code="a">(EXLNZ-41SLSP_NETWORK)991063290259705501</subfield></datafield><datafield ind1=" " ind2=" " tag="040"><subfield code="a">SzZuIDS BS/BE</subfield><subfield code="b">ger</subfield><subfield code="e">kids</subfield><subfield code="d">CH-ZuSLS</subfield></datafield><datafield ind1="0" ind2=" " tag="041"><subfield code="a">ger</subfield></datafield><datafield ind1=" " ind2="7" tag="072"><subfield code="a">nd</subfield><subfield code="2">SzZuIDS BS/BE</subfield></datafield><datafield ind1=" " ind2="7" tag="072"><subfield code="a">al</subfield><subfield code="2">rero</subfield></datafield><datafield ind1="0" ind2="4" tag="082"><subfield code="a">832/.8</subfield><subfield code="2">19</subfield></datafield><datafield ind1="0" ind2="4" tag="082"><subfield code="a">832.857</subfield></datafield><datafield ind1="1" ind2="4" tag="082"><subfield code="a">830</subfield><subfield code="2">15</subfield></datafield><datafield ind1=" " ind2=" " tag="084"><subfield code="a">GM 3585</subfield><subfield code="2">rvk</subfield></datafield><datafield ind1="1" ind2=" " tag="100"><subfield code="a">Cowen, Roy C.</subfield><subfield code="d">1930-</subfield><subfield code="0">(DE-588)120568691</subfield><subfield code="6">880-01</subfield></datafield><datafield ind1="1" ind2=" " tag="880"><subfield code="6">100-01</subfield><subfield code="a">Cowen, Roy C.</subfield><subfield code="0">(IDREF)028760905</subfield><subfield code="4">cre</subfield></datafield><datafield ind1="1" ind2="0" tag="245"><subfield code="a">Hauptmann-Kommentar zum dramatischen Werk</subfield><subfield code="c">von Roy C. Cowen</subfield></datafield><datafield ind1=" " ind2="1" tag="264"><subfield code="a">München</subfield><subfield code="b">Winkler</subfield><subfield code="c">[1980]</subfield></datafield><datafield ind1=" " ind2="4" tag="264"><subfield code="c">© 1980</subfield></datafield><datafield ind1=" " ind2=" " tag="300"><subfield code="a">335 S.</subfield><subfield code="c">19 cm</subfield></datafield><datafield ind1=" " ind2=" " tag="336"><subfield code="b">txt</subfield><subfield code="2">rdacontent</subfield></datafield><datafield ind1=" " ind2=" " tag="337"><subfield code="b">n</subfield><subfield code="2">rdamedia</subfield></datafield><datafield ind1=" " ind2=" " tag="338"><subfield code="b">nc</subfield><subfield code="2">rdacarrier</subfield></datafield><datafield ind1="1" ind2="7" tag="600"><subfield code="a">Hauptmann, Gerhart</subfield><subfield code="x">Drama</subfield><subfield code="2">idsbb</subfield></datafield><datafield ind1="1" ind2="7" tag="600"><subfield code="a">Hauptmann, Gerhart</subfield><subfield code="d">1862-1946</subfield><subfield code="0">(DE-588)118546937</subfield><subfield code="2">gnd</subfield></datafield><datafield ind1="1" ind2="0" tag="600"><subfield code="a">Hauptmann, Gerhart</subfield><subfield code="d">1862-1946</subfield><subfield code="x">Criticism and interpretation</subfield></datafield><datafield ind1="1" ind2="0" tag="600"><subfield code="a">Hauptmann, Gerhart</subfield><subfield code="x">Kritiek en interpretasie</subfield></datafield><datafield ind1="1" ind2="7" tag="600"><subfield code="a">Hauptmann, Gerhart</subfield><subfield code="d">1862-1946</subfield><subfield code="0">(IDREF)028429494</subfield><subfield code="2">idref</subfield></datafield><datafield ind1=" " ind2="7" tag="650"><subfield code="a">Drama</subfield><subfield code="0">(DE-588)4012899-4</subfield><subfield code="2">gnd</subfield></datafield><datafield ind1=" " ind2="7" tag="650"><subfield code="a">Kommentar</subfield><subfield code="0">(DE-588)4136710-8</subfield><subfield code="2">gnd</subfield></datafield><datafield ind1=" " ind2="7" tag="650"><subfield code="a">Théâtre (genre littéraire)</subfield><subfield code="0">(IDREF)027331954</subfield><subfield code="2">idref</subfield></datafield><datafield ind1=" " ind2="7" tag="655"><subfield code="a">Kommentar</subfield><subfield code="2">gnd-content</subfield></datafield><datafield ind1=" " ind2=" " tag="690"><subfield code="a">Hauptmann, Gerhart, B: Werke: Dramen</subfield><subfield code="2">rzs-L1</subfield></datafield><datafield ind1="1" ind2=" " tag="700"><subfield code="a">Cowen, Roy Chadwell</subfield></datafield><datafield ind1="1" ind2=" " tag="800"><subfield code="a">Cowen, Roy C.</subfield><subfield code="t">Hauptmann-Kommentar</subfield><subfield code="v">[1]</subfield><subfield code="w">(RERO)0615759-41slsp</subfield></datafield><datafield ind1="4" ind2=" " tag="856"><subfield code="3">Inhaltsverzeichnis</subfield><subfield code="u">http://www.ub.unibas.ch/tox/HBZ/HT002113627/PDF</subfield><subfield code="q">pdf</subfield></datafield><datafield ind1=" " ind2=" " tag="900"><subfield code="a">IDSZRMedeaZBZ</subfield><subfield code="e">IDSZRboxm</subfield></datafield><datafield ind1=" " ind2=" " tag="900"><subfield code="f">IDSU2medea</subfield></datafield><datafield ind1=" " ind2=" " tag="949"><subfield code="a">http://www.ub.unibas.ch/tox/HBZ/HT002113627/PDF</subfield></datafield></record>
</metadata></record>