<record><header><identifier>oai:alma.41SLSP_UGE:991000776939705502</identifier><datestamp>2023-03-25T01:35:37Z</datestamp><setSpec>uge_bcen_RapidILL_BOOK</setSpec><setSpec>uge_aaca_RapidILL_BOOK</setSpec><setSpec>uge_abels_RapidILL_BOOK</setSpec><setSpec>uge_dbu_RapidILL_BOOK</setSpec><setSpec>uge_cmu_RapidILL_BOOK</setSpec><setSpec>uge_mail_RapidILL_BOOK</setSpec><setSpec>uge_abbat_RapidILL_BOOK</setSpec><setSpec>UNIGE_ALL</setSpec><setSpec>uge_aobs_RapidILL_BOOK</setSpec><setSpec>uge_acar_RapidILL_BOOK</setSpec></header><metadata>
<record xmlns="http://www.loc.gov/MARC21/slim" xmlns:xsi="http://www.w3.org/2001/XMLSchema-instance" xsi:schemaLocation="http://www.loc.gov/MARC21/slim http://www.loc.gov/standards/marcxml/schema/MARC21slim.xsd"><leader>01603nam a2200373 c 4500</leader><controlfield tag="001">991000776939705502</controlfield><controlfield tag="005">20230324205129.0</controlfield><controlfield tag="008">081114s2005    xxu||||| |||| 00| ||eng d</controlfield><datafield ind1=" " ind2=" " tag="020"><subfield code="a">1572244070</subfield></datafield><datafield ind1=" " ind2=" " tag="035"><subfield code="a">(swissbib)107358409-41slsp_network</subfield></datafield><datafield ind1=" " ind2=" " tag="035"><subfield code="a">107358409</subfield><subfield code="9">ExL</subfield></datafield><datafield ind1=" " ind2=" " tag="035"><subfield code="a">(RERO)R004863741-41slsp</subfield></datafield><datafield ind1=" " ind2=" " tag="035"><subfield code="a">(EXLNZ-41SLSP_NETWORK)991016295889705501</subfield></datafield><datafield ind1=" " ind2=" " tag="040"><subfield code="a">DLC</subfield><subfield code="d">CH-ZuSLS</subfield></datafield><datafield ind1="0" ind2="0" tag="050"><subfield code="a">BF378.A87</subfield><subfield code="b">S56 2005</subfield></datafield><datafield ind1=" " ind2="7" tag="072"><subfield code="a">ps</subfield><subfield code="2">rero</subfield></datafield><datafield ind1="0" ind2="0" tag="082"><subfield code="a">153.1/3</subfield><subfield code="2">22</subfield></datafield><datafield ind1="1" ind2=" " tag="100"><subfield code="a">Singer, Jefferson A.</subfield><subfield code="0">(RERO)A006227963</subfield><subfield code="4">cre</subfield></datafield><datafield ind1="1" ind2="0" tag="245"><subfield code="a">Memories that matter</subfield><subfield code="b">how to use self-defining memories to understand &amp; change your life</subfield><subfield code="c">Jefferson A. Singer</subfield></datafield><datafield ind1=" " ind2="1" tag="264"><subfield code="a">Oakland, CA</subfield><subfield code="b">New Harbinger Publications</subfield><subfield code="c">[2005]</subfield></datafield><datafield ind1=" " ind2="4" tag="264"><subfield code="c">© 2005</subfield></datafield><datafield ind1=" " ind2=" " tag="300"><subfield code="a">x, 193 p.</subfield><subfield code="c">23 cm</subfield></datafield><datafield ind1=" " ind2=" " tag="336"><subfield code="b">txt</subfield><subfield code="2">rdacontent</subfield></datafield><datafield ind1=" " ind2=" " tag="337"><subfield code="b">n</subfield><subfield code="2">rdamedia</subfield></datafield><datafield ind1=" " ind2=" " tag="338"><subfield code="b">nc</subfield><subfield code="2">rdacarrier</subfield></datafield><datafield ind1=" " ind2=" " tag="504"><subfield code="a">Includes bibliographical references (p. [189]-193)</subfield></datafield><datafield ind1="0" ind2=" " tag="505"><subfield code="a">Personal memory and self-defining memories -- Using self-defining memories to reach your goals -- Memories, life stories, and meaning -- Using memories to control your moods -- Memories and loss -- Memories for pleasure, creativity, and intimacy -- Memories and memory-telling from birth to death</subfield></datafield><datafield ind1=" " ind2="0" tag="650"><subfield code="a">Autobiographical memory</subfield></datafield><datafield ind1=" " ind2="0" tag="650"><subfield code="a">Personality and emotions</subfield></datafield><datafield ind1=" " ind2="0" tag="650"><subfield code="a">Self-perception</subfield></datafield><datafield ind1=" " ind2="7" tag="650"><subfield code="a">Réalisation de soi</subfield><subfield code="0">(IDREF)02780481X</subfield><subfield code="2">idref</subfield></datafield><datafield ind1=" " ind2="7" tag="650"><subfield code="a">Souvenir</subfield><subfield code="0">(IDREF)029551099</subfield><subfield code="2">idref</subfield></datafield><datafield ind1="4" ind2="2" tag="856"><subfield code="u">http://www.loc.gov/catdir/toc/ecip0519/2005027988.html</subfield><subfield code="z">Table of contents</subfield></datafield><datafield ind1=" " ind2=" " tag="900"><subfield code="a">REROnoselfmerge</subfield></datafield><datafield ind1=" " ind2=" " tag="949"><subfield code="a">http://www.loc.gov/catdir/toc/ecip0519/2005027988.html</subfield></datafield></record>
</metadata></record>