<record><header><identifier>oai:alma.41SLSP_UGE:991000776949705502</identifier><datestamp>2023-03-01T01:10:18Z</datestamp><setSpec>uge_bcen_RapidILL_BOOK</setSpec><setSpec>uge_aaca_RapidILL_BOOK</setSpec><setSpec>uge_abels_RapidILL_BOOK</setSpec><setSpec>uge_dbu_RapidILL_BOOK</setSpec><setSpec>uge_cmu_RapidILL_BOOK</setSpec><setSpec>uge_mail_RapidILL_BOOK</setSpec><setSpec>UNIGE_ALL</setSpec><setSpec>uge_abbat_RapidILL_BOOK</setSpec><setSpec>uge_aobs_RapidILL_BOOK</setSpec><setSpec>uge_acar_RapidILL_BOOK</setSpec></header><metadata>
<record xmlns="http://www.loc.gov/MARC21/slim" xmlns:xsi="http://www.w3.org/2001/XMLSchema-instance" xsi:schemaLocation="http://www.loc.gov/MARC21/slim http://www.loc.gov/standards/marcxml/schema/MARC21slim.xsd"><leader>01491nam a2200397 c 4500</leader><controlfield tag="001">991000776949705502</controlfield><controlfield tag="005">20201229222413.0</controlfield><controlfield tag="008">201011s1973    fr ||||| m||| 00| ||fre d</controlfield><datafield ind1=" " ind2=" " tag="035"><subfield code="a">(swissbib)21402699X-41slsp_network</subfield></datafield><datafield ind1=" " ind2=" " tag="035"><subfield code="a">21402699X</subfield><subfield code="9">ExL</subfield></datafield><datafield ind1=" " ind2=" " tag="035"><subfield code="a">(RERO)0084234-41slsp</subfield></datafield><datafield ind1=" " ind2=" " tag="035"><subfield code="a">(IDSBB)001776092DSV01</subfield></datafield><datafield ind1=" " ind2=" " tag="035"><subfield code="a">(NEBIS)004420997EBI01</subfield></datafield><datafield ind1=" " ind2=" " tag="035"><subfield code="a">(EXLNZ-41SLSP_NETWORK)991022049429705501</subfield></datafield><datafield ind1=" " ind2=" " tag="040"><subfield code="a">RERO</subfield><subfield code="d">CH-ZuSLS</subfield></datafield><datafield ind1=" " ind2="7" tag="072"><subfield code="a">st</subfield><subfield code="2">rero</subfield></datafield><datafield ind1="1" ind2="4" tag="082"><subfield code="a">553.454094645</subfield><subfield code="2">21</subfield></datafield><datafield ind1="1" ind2=" " tag="100"><subfield code="a">Saupé, Francis</subfield><subfield code="0">(IDREF)031628680</subfield><subfield code="4">cre</subfield></datafield><datafield ind1="1" ind2="0" tag="245"><subfield code="a">&lt;&lt;La&gt;&gt; géologie du gisement de mercure d'Almadén (province de Ciudad Real, Espagne)</subfield><subfield code="c">Francis Saupé</subfield></datafield><datafield ind1=" " ind2="1" tag="264"><subfield code="a">Nancy</subfield><subfield code="b">Fondation scientifique de la géologie et de ses applications</subfield><subfield code="c">1973</subfield></datafield><datafield ind1=" " ind2=" " tag="300"><subfield code="a">342 p.</subfield><subfield code="b">ill., pl.</subfield><subfield code="c">27 cm</subfield><subfield code="e">1 carte</subfield></datafield><datafield ind1=" " ind2=" " tag="336"><subfield code="b">txt</subfield><subfield code="2">rdacontent</subfield></datafield><datafield ind1=" " ind2=" " tag="337"><subfield code="b">n</subfield><subfield code="2">rdamedia</subfield></datafield><datafield ind1=" " ind2=" " tag="338"><subfield code="b">nc</subfield><subfield code="2">rdacarrier</subfield></datafield><datafield ind1="1" ind2=" " tag="490"><subfield code="a">Sciences de la terre. Mémoire</subfield><subfield code="v">no 29</subfield></datafield><datafield ind1=" " ind2=" " tag="502"><subfield code="a">Thèse Nancy I, 1973</subfield></datafield><datafield ind1=" " ind2=" " tag="504"><subfield code="a">Bibliogr.: p. 301-321</subfield></datafield><datafield ind1=" " ind2="4" tag="650"><subfield code="a">Quecksilberlagerstätte</subfield></datafield><datafield ind1=" " ind2="7" tag="650"><subfield code="a">Quecksilberlagerstätte</subfield><subfield code="0">(DE-588)4424076-4</subfield><subfield code="2">gnd</subfield></datafield><datafield ind1=" " ind2="0" tag="650"><subfield code="a">Geology</subfield><subfield code="z">Spain</subfield><subfield code="z">Ciudad Real (Province)</subfield></datafield><datafield ind1=" " ind2="0" tag="650"><subfield code="a">Mercury ores</subfield><subfield code="z">Spain</subfield><subfield code="z">Ciudad Real (Province)</subfield></datafield><datafield ind1=" " ind2="4" tag="651"><subfield code="a">Almadén</subfield></datafield><datafield ind1=" " ind2="7" tag="651"><subfield code="a">Almadén</subfield><subfield code="0">(DE-588)4085102-3</subfield><subfield code="2">gnd</subfield></datafield><datafield ind1=" " ind2="7" tag="655"><subfield code="a">Hochschulschrift</subfield><subfield code="2">gnd-content</subfield></datafield><datafield ind1=" " ind2=" " tag="830"><subfield code="a">Sciences de la terre</subfield><subfield code="p">Mémoire</subfield><subfield code="v">29</subfield><subfield code="w">(RERO)R260801660-41slsp</subfield></datafield><datafield ind1=" " ind2=" " tag="830"><subfield code="a">Sciences de la terre</subfield><subfield code="p">Mémoires</subfield><subfield code="v">29</subfield><subfield code="w">(IDSBB)000004811DSV01</subfield></datafield><datafield ind1=" " ind2=" " tag="900"><subfield code="a">REROnoselfmerge</subfield></datafield></record>
</metadata></record>