<record><header><identifier>oai:alma.41SLSP_UGE:991000772779705502</identifier><datestamp>2023-03-01T01:10:18Z</datestamp><setSpec>uge_bcen_RapidILL_BOOK</setSpec><setSpec>uge_aaca_RapidILL_BOOK</setSpec><setSpec>uge_abels_RapidILL_BOOK</setSpec><setSpec>uge_dbu_RapidILL_BOOK</setSpec><setSpec>uge_cmu_RapidILL_BOOK</setSpec><setSpec>uge_mail_RapidILL_BOOK</setSpec><setSpec>uge_abbat_RapidILL_BOOK</setSpec><setSpec>UNIGE_ALL</setSpec><setSpec>uge_acar_RapidILL_BOOK</setSpec><setSpec>uge_aobs_RapidILL_BOOK</setSpec></header><metadata>
<record xmlns="http://www.loc.gov/MARC21/slim" xmlns:xsi="http://www.w3.org/2001/XMLSchema-instance" xsi:schemaLocation="http://www.loc.gov/MARC21/slim http://www.loc.gov/standards/marcxml/schema/MARC21slim.xsd"><leader>02061nam a2200565 c 4500</leader><controlfield tag="001">991000772779705502</controlfield><controlfield tag="005">20230227205919.0</controlfield><controlfield tag="008">201011t19971997xxu||||| |||| 00| ||eng d</controlfield><datafield ind1=" " ind2=" " tag="019"><subfield code="a">Kitcher, Philip (1947-) / Library of Congress</subfield></datafield><datafield ind1=" " ind2=" " tag="020"><subfield code="a">0684827050</subfield><subfield code="q">pbk.</subfield></datafield><datafield ind1=" " ind2=" " tag="020"><subfield code="a">0684800551</subfield></datafield><datafield ind1=" " ind2=" " tag="035"><subfield code="a">(swissbib)220662916-41slsp_network</subfield></datafield><datafield ind1=" " ind2=" " tag="035"><subfield code="a">220662916</subfield><subfield code="9">ExL</subfield></datafield><datafield ind1=" " ind2=" " tag="035"><subfield code="a">(RERO)R248322560-41slsp</subfield></datafield><datafield ind1=" " ind2=" " tag="035"><subfield code="a">(NEBIS)001754584EBI01</subfield></datafield><datafield ind1=" " ind2=" " tag="035"><subfield code="a">(EXLNZ-41SLSP_NETWORK)991072199989705501</subfield></datafield><datafield ind1=" " ind2=" " tag="040"><subfield code="a">RERO frbcuc</subfield><subfield code="d">CH-ZuSLS</subfield></datafield><datafield ind1=" " ind2="7" tag="072"><subfield code="a">bi</subfield><subfield code="2">rero</subfield></datafield><datafield ind1="0" ind2="0" tag="082"><subfield code="a">599.93/5</subfield><subfield code="2">21</subfield></datafield><datafield ind1="0" ind2="0" tag="082"><subfield code="a">573.2/1</subfield><subfield code="2">20</subfield></datafield><datafield ind1="0" ind2="4" tag="082"><subfield code="a">611.01816</subfield><subfield code="2">21</subfield></datafield><datafield ind1="1" ind2=" " tag="100"><subfield code="a">Kitcher, Philip</subfield><subfield code="d">1947-</subfield><subfield code="0">(RERO)A013660901</subfield><subfield code="4">cre</subfield></datafield><datafield ind1="1" ind2="0" tag="245"><subfield code="a">&lt;&lt;The&gt;&gt; lives to come</subfield><subfield code="b">the genetic revolution and human possibilities</subfield><subfield code="c">Philip Kitcher</subfield></datafield><datafield ind1=" " ind2="1" tag="264"><subfield code="a">New York</subfield><subfield code="b">Simon &amp; Schuster</subfield><subfield code="c">[1997]</subfield></datafield><datafield ind1=" " ind2="4" tag="264"><subfield code="c">©1997</subfield></datafield><datafield ind1=" " ind2=" " tag="300"><subfield code="a">397 p.</subfield><subfield code="b">fig.</subfield><subfield code="c">22 cm</subfield></datafield><datafield ind1=" " ind2=" " tag="336"><subfield code="b">txt</subfield><subfield code="2">rdacontent</subfield></datafield><datafield ind1=" " ind2=" " tag="337"><subfield code="b">n</subfield><subfield code="2">rdamedia</subfield></datafield><datafield ind1=" " ind2=" " tag="338"><subfield code="b">nc</subfield><subfield code="2">rdacarrier</subfield></datafield><datafield ind1="1" ind2=" " tag="490"><subfield code="a">A Touchstone Book</subfield></datafield><datafield ind1=" " ind2=" " tag="500"><subfield code="a">La couv. porte en plus: With an update on the possibilities of human cloning</subfield></datafield><datafield ind1=" " ind2=" " tag="500"><subfield code="a">A Touchstone book</subfield></datafield><datafield ind1="2" ind2="0" tag="610"><subfield code="a">Human Genome Project</subfield><subfield code="v">Popular works</subfield></datafield><datafield ind1=" " ind2="7" tag="650"><subfield code="a">Génétique</subfield><subfield code="0">(IDREF)027323382</subfield><subfield code="2">idref</subfield></datafield><datafield ind1=" " ind2="7" tag="650"><subfield code="a">Génie génétique</subfield><subfield code="0">(IDREF)02756987X</subfield><subfield code="2">idref</subfield></datafield><datafield ind1=" " ind2="7" tag="650"><subfield code="a">programme génome humain</subfield><subfield code="0">(RERO)A010022226</subfield><subfield code="2">rerovoc</subfield></datafield><datafield ind1=" " ind2="7" tag="650"><subfield code="a">Homme</subfield><subfield code="0">(IDREF)027271013</subfield><subfield code="2">idref</subfield></datafield><datafield ind1=" " ind2="7" tag="650"><subfield code="a">Bioethik</subfield><subfield code="2">idszbz</subfield></datafield><datafield ind1=" " ind2="7" tag="650"><subfield code="a">Gentechnologie</subfield><subfield code="2">idszbz</subfield></datafield><datafield ind1=" " ind2="7" tag="650"><subfield code="a">Bioethik</subfield><subfield code="0">(DE-588)4006791-9</subfield><subfield code="2">gnd</subfield></datafield><datafield ind1=" " ind2="7" tag="650"><subfield code="a">Ethik</subfield><subfield code="0">(DE-588)4015602-3</subfield><subfield code="2">gnd</subfield></datafield><datafield ind1=" " ind2="7" tag="650"><subfield code="a">Genanalyse</subfield><subfield code="0">(DE-588)4200230-8</subfield><subfield code="2">gnd</subfield></datafield><datafield ind1=" " ind2="7" tag="650"><subfield code="a">Gentechnologie</subfield><subfield code="0">(DE-588)4071722-7</subfield><subfield code="2">gnd</subfield></datafield><datafield ind1=" " ind2="7" tag="650"><subfield code="a">Gentherapie</subfield><subfield code="0">(DE-588)4296957-8</subfield><subfield code="2">gnd</subfield></datafield><datafield ind1=" " ind2="7" tag="650"><subfield code="a">Humangenetik</subfield><subfield code="0">(DE-588)4072653-8</subfield><subfield code="2">gnd</subfield></datafield><datafield ind1=" " ind2="7" tag="650"><subfield code="a">Medizinische Ethik</subfield><subfield code="0">(DE-588)4074672-0</subfield><subfield code="2">gnd</subfield></datafield><datafield ind1=" " ind2="0" tag="650"><subfield code="a">Genetic engineering</subfield><subfield code="x">Moral and ethical aspects</subfield></datafield><datafield ind1=" " ind2="0" tag="650"><subfield code="a">Human genetics</subfield><subfield code="v">Popular works</subfield></datafield><datafield ind1=" " ind2="0" tag="650"><subfield code="a">Human genetic</subfield><subfield code="x">Popular works</subfield></datafield><datafield ind1=" " ind2=" " tag="830"><subfield code="a">&lt;&lt;A&gt;&gt; Touchstone Book</subfield><subfield code="w">(RERO)0349930-41slsp</subfield></datafield><datafield ind1=" " ind2=" " tag="900"><subfield code="a">REROnoselfmerge</subfield></datafield></record>
</metadata></record>