<record><header><identifier>oai:alma.41SLSP_UGE:991000777239705502</identifier><datestamp>2023-03-01T01:10:18Z</datestamp><setSpec>uge_bcen_RapidILL_BOOK</setSpec><setSpec>uge_aaca_RapidILL_BOOK</setSpec><setSpec>uge_abels_RapidILL_BOOK</setSpec><setSpec>uge_dbu_RapidILL_BOOK</setSpec><setSpec>uge_cmu_RapidILL_BOOK</setSpec><setSpec>uge_mail_RapidILL_BOOK</setSpec><setSpec>UNIGE_ALL</setSpec><setSpec>uge_abbat_RapidILL_BOOK</setSpec><setSpec>uge_aobs_RapidILL_BOOK</setSpec><setSpec>uge_acar_RapidILL_BOOK</setSpec></header><metadata>
<record xmlns="http://www.loc.gov/MARC21/slim" xmlns:xsi="http://www.w3.org/2001/XMLSchema-instance" xsi:schemaLocation="http://www.loc.gov/MARC21/slim http://www.loc.gov/standards/marcxml/schema/MARC21slim.xsd"><leader>02080nam a2200529uc 4500</leader><controlfield tag="001">991000777239705502</controlfield><controlfield tag="005">20230208201139.0</controlfield><controlfield tag="008">201012t19881988xxu    |      00| ||eng|d</controlfield><datafield ind1=" " ind2=" " tag="020"><subfield code="a">013054552X</subfield></datafield><datafield ind1=" " ind2=" " tag="035"><subfield code="a">(swissbib)238226859-41slsp_network</subfield></datafield><datafield ind1=" " ind2=" " tag="035"><subfield code="a">238226859</subfield><subfield code="9">ExL</subfield></datafield><datafield ind1=" " ind2=" " tag="035"><subfield code="a">(NEBIS)001043119EBI01</subfield></datafield><datafield ind1=" " ind2=" " tag="035"><subfield code="a">(RERO)1061241-41slsp</subfield></datafield><datafield ind1=" " ind2=" " tag="035"><subfield code="a">(IDSBB)004540269DSV01</subfield></datafield><datafield ind1=" " ind2=" " tag="035"><subfield code="a">(EXLNZ-41SLSP_NETWORK)991087759709705501</subfield></datafield><datafield ind1=" " ind2=" " tag="040"><subfield code="a">ZBZ</subfield><subfield code="b">ger</subfield><subfield code="e">ETHICS-ISBD</subfield><subfield code="d">CH-ZuSLS</subfield></datafield><datafield ind1=" " ind2="7" tag="072"><subfield code="a">in</subfield><subfield code="2">rero</subfield></datafield><datafield ind1="0" ind2="0" tag="082"><subfield code="a">006.3</subfield><subfield code="2">19</subfield></datafield><datafield ind1="0" ind2="4" tag="082"><subfield code="a">006.3 028 551</subfield><subfield code="2">19</subfield></datafield><datafield ind1="0" ind2="4" tag="082"><subfield code="a">001.53 5 028542</subfield><subfield code="2">18</subfield></datafield><datafield ind1=" " ind2=" " tag="084"><subfield code="a">ST 285</subfield><subfield code="2">rvk</subfield></datafield><datafield ind1="1" ind2=" " tag="100"><subfield code="a">Wos, Larry</subfield><subfield code="d">1930-</subfield><subfield code="0">(DE-588)1056101083</subfield><subfield code="6">880-01</subfield></datafield><datafield ind1="1" ind2=" " tag="880"><subfield code="6">100-01</subfield><subfield code="a">Wos, Larry</subfield><subfield code="d">19..-....</subfield><subfield code="0">(IDREF)085939528</subfield><subfield code="4">cre</subfield></datafield><datafield ind1="1" ind2="0" tag="245"><subfield code="a">Automated reasoning</subfield><subfield code="b">33 basic research problems</subfield><subfield code="c">Larry Wos</subfield></datafield><datafield ind1="1" ind2=" " tag="246"><subfield code="a">Automated reasoning</subfield><subfield code="b">introduction and applications</subfield></datafield><datafield ind1=" " ind2="1" tag="264"><subfield code="a">Englewood Cliffs, N.J.</subfield><subfield code="b">Prentice Hall</subfield><subfield code="c">[1988]</subfield></datafield><datafield ind1=" " ind2="4" tag="264"><subfield code="c">© 1988</subfield></datafield><datafield ind1=" " ind2=" " tag="300"><subfield code="a">XIII, 319 p.</subfield><subfield code="c">23 cm</subfield></datafield><datafield ind1=" " ind2=" " tag="336"><subfield code="b">txt</subfield><subfield code="2">rdacontent</subfield></datafield><datafield ind1=" " ind2=" " tag="337"><subfield code="b">n</subfield><subfield code="2">rdamedia</subfield></datafield><datafield ind1=" " ind2=" " tag="338"><subfield code="b">nc</subfield><subfield code="2">rdacarrier</subfield></datafield><datafield ind1=" " ind2=" " tag="500"><subfield code="a">Companion vol. to: Automated reasoning : introduction and applications / Larry Wos ... [et al.]. cop. 1984</subfield></datafield><datafield ind1=" " ind2=" " tag="504"><subfield code="a">Bibliogr.: p. 273-282. Index</subfield></datafield><datafield ind1=" " ind2=" " tag="504"><subfield code="a">Literaturverz.</subfield></datafield><datafield ind1=" " ind2=" " tag="580"><subfield code="a">Suppl. de: Automated reasoning : introduction and application / Larry Wos... [et al.]</subfield></datafield><datafield ind1=" " ind2="7" tag="650"><subfield code="a">Beweistheorie</subfield><subfield code="2">idszbz</subfield></datafield><datafield ind1=" " ind2="7" tag="650"><subfield code="a">Künstliche Intelligenz</subfield><subfield code="2">idszbz</subfield></datafield><datafield ind1=" " ind2="7" tag="650"><subfield code="a">Automatisches Beweisverfahren</subfield><subfield code="0">(DE-588)4069034-9</subfield><subfield code="2">gnd</subfield></datafield><datafield ind1=" " ind2="0" tag="650"><subfield code="a">Artificial intelligence</subfield></datafield><datafield ind1=" " ind2="0" tag="650"><subfield code="a">Automatic theorem proving</subfield></datafield><datafield ind1=" " ind2="0" tag="650"><subfield code="a">Computer programming</subfield></datafield><datafield ind1=" " ind2="7" tag="650"><subfield code="a">démonstration de théorème</subfield><subfield code="0">(RERO)A009957298</subfield><subfield code="2">rerovoc</subfield></datafield><datafield ind1=" " ind2="7" tag="650"><subfield code="a">Intelligence artificielle</subfield><subfield code="0">(IDREF)027234541</subfield><subfield code="2">idref</subfield></datafield><datafield ind1=" " ind2="7" tag="650"><subfield code="a">Raisonnement</subfield><subfield code="0">(IDREF)027242196</subfield><subfield code="2">idref</subfield></datafield><datafield ind1=" " ind2="7" tag="650"><subfield code="a">Beweistheorie</subfield><subfield code="x">Künstliche Intelligenz</subfield><subfield code="2">idszbz</subfield></datafield><datafield ind1=" " ind2="7" tag="650"><subfield code="a">Künstliche Intelligenz</subfield><subfield code="x">Beweistheorie</subfield><subfield code="2">idszbz</subfield></datafield><datafield ind1="0" ind2=" " tag="772"><subfield code="t">Automated reasoning : introduction and applications</subfield><subfield code="w">(RERO)1061234-41slsp</subfield></datafield><datafield ind1=" " ind2=" " tag="900"><subfield code="a">REROnoselfmerge</subfield></datafield></record>
</metadata></record>