<record><header><identifier>oai:alma.41SLSP_UGE:991000777759705502</identifier><datestamp>2023-07-09T00:16:27Z</datestamp><setSpec>uge_bcen_RapidILL_BOOK</setSpec><setSpec>uge_aaca_RapidILL_BOOK</setSpec><setSpec>uge_abels_RapidILL_BOOK</setSpec><setSpec>uge_dbu_RapidILL_BOOK</setSpec><setSpec>uge_cmu_RapidILL_BOOK</setSpec><setSpec>uge_mail_RapidILL_BOOK</setSpec><setSpec>UNIGE_ALL</setSpec><setSpec>uge_abbat_RapidILL_BOOK</setSpec><setSpec>uge_aobs_RapidILL_BOOK</setSpec><setSpec>uge_acar_RapidILL_BOOK</setSpec></header><metadata>
<record xmlns="http://www.loc.gov/MARC21/slim" xmlns:xsi="http://www.w3.org/2001/XMLSchema-instance" xsi:schemaLocation="http://www.loc.gov/MARC21/slim http://www.loc.gov/standards/marcxml/schema/MARC21slim.xsd"><leader>00851nam a2200265 c 4500</leader><controlfield tag="001">991000777759705502</controlfield><controlfield tag="005">20230417203834.0</controlfield><controlfield tag="008">200114s2019    fr            00| | fre d</controlfield><datafield ind1=" " ind2=" " tag="020"><subfield code="a">9782749265049</subfield></datafield><datafield ind1=" " ind2=" " tag="035"><subfield code="a">(swissbib)126219710-41slsp_network</subfield></datafield><datafield ind1=" " ind2=" " tag="035"><subfield code="a">126219710</subfield><subfield code="9">ExL</subfield></datafield><datafield ind1=" " ind2=" " tag="035"><subfield code="a">(RERO)R009002695-41slsp</subfield></datafield><datafield ind1=" " ind2=" " tag="035"><subfield code="a">(EXLNZ-41SLSP_NETWORK)991142719239705501</subfield></datafield><datafield ind1=" " ind2=" " tag="040"><subfield code="a">RERO geufpe</subfield><subfield code="d">CH-ZuSLS</subfield></datafield><datafield ind1=" " ind2="7" tag="072"><subfield code="a">ps</subfield><subfield code="2">rero</subfield></datafield><datafield ind1="1" ind2=" " tag="100"><subfield code="a">Chemama, Roland</subfield><subfield code="d">19..-....</subfield><subfield code="0">(IDREF)026784459</subfield><subfield code="4">aut</subfield></datafield><datafield ind1="1" ind2="0" tag="245"><subfield code="a">&lt;&lt;La&gt;&gt; psychanalyse refoule-t-elle le politique?</subfield><subfield code="c">Roland Chemama</subfield></datafield><datafield ind1=" " ind2="1" tag="264"><subfield code="a">Toulouse</subfield><subfield code="b">Erès</subfield><subfield code="c">[2019]</subfield></datafield><datafield ind1=" " ind2=" " tag="300"><subfield code="a">166 p.</subfield></datafield><datafield ind1=" " ind2=" " tag="336"><subfield code="b">txt</subfield><subfield code="2">rdacontent</subfield></datafield><datafield ind1=" " ind2=" " tag="337"><subfield code="b">n</subfield><subfield code="2">rdamedia</subfield></datafield><datafield ind1=" " ind2=" " tag="338"><subfield code="b">nc</subfield><subfield code="2">rdacarrier</subfield></datafield><datafield ind1="0" ind2=" " tag="490"><subfield code="a">Humus, le désir de l'analyse en acte</subfield></datafield><datafield ind1=" " ind2="7" tag="650"><subfield code="a">Psychanalyse</subfield><subfield code="0">(IDREF)027241505</subfield><subfield code="2">idref</subfield></datafield><datafield ind1=" " ind2="7" tag="650"><subfield code="a">Psychanalyse et politique</subfield><subfield code="0">(IDREF)027241564</subfield><subfield code="2">idref</subfield></datafield><datafield ind1=" " ind2=" " tag="900"><subfield code="a">REROnoselfmerge</subfield></datafield></record>
</metadata></record>