<record><header><identifier>oai:alma.41SLSP_UGE:991000777449705502</identifier><datestamp>2023-03-28T00:16:46Z</datestamp><setSpec>uge_bcen_RapidILL_BOOK</setSpec><setSpec>uge_aaca_RapidILL_BOOK</setSpec><setSpec>uge_abels_RapidILL_BOOK</setSpec><setSpec>uge_dbu_RapidILL_BOOK</setSpec><setSpec>uge_cmu_RapidILL_BOOK</setSpec><setSpec>uge_mail_RapidILL_BOOK</setSpec><setSpec>uge_abbat_RapidILL_BOOK</setSpec><setSpec>UNIGE_ALL</setSpec><setSpec>uge_aobs_RapidILL_BOOK</setSpec><setSpec>uge_acar_RapidILL_BOOK</setSpec></header><metadata>
<record xmlns="http://www.loc.gov/MARC21/slim" xmlns:xsi="http://www.w3.org/2001/XMLSchema-instance" xsi:schemaLocation="http://www.loc.gov/MARC21/slim http://www.loc.gov/standards/marcxml/schema/MARC21slim.xsd"><leader>03191nam a2200829 c 4500</leader><controlfield tag="001">991000777449705502</controlfield><controlfield tag="005">20230327184525.0</controlfield><controlfield tag="008">201011s2015    cl       |||| 000 0 spa|d</controlfield><datafield ind1=" " ind2=" " tag="020"><subfield code="a">9789972832789</subfield></datafield><datafield ind1=" " ind2=" " tag="020"><subfield code="a">9972832783</subfield></datafield><datafield ind1=" " ind2=" " tag="035"><subfield code="a">(swissbib)216946816-41slsp_network</subfield></datafield><datafield ind1=" " ind2=" " tag="035"><subfield code="a">216946816</subfield><subfield code="9">ExL</subfield></datafield><datafield ind1=" " ind2=" " tag="035"><subfield code="a">(NEBIS)010816188EBI01</subfield></datafield><datafield ind1=" " ind2=" " tag="035"><subfield code="a">(RERO)R008706957-41slsp</subfield></datafield><datafield ind1=" " ind2=" " tag="035"><subfield code="a">(OCoLC)944474351</subfield></datafield><datafield ind1=" " ind2=" " tag="035"><subfield code="a">(EXLNZ-41SLSP_NETWORK)991153770469705501</subfield></datafield><datafield ind1=" " ind2=" " tag="040"><subfield code="a">PUCPR</subfield><subfield code="b">ger</subfield><subfield code="e">rda</subfield><subfield code="d">CH-ZuSLS</subfield></datafield><datafield ind1=" " ind2="4" tag="050"><subfield code="a">HN343.5</subfield><subfield code="b">.P678 2015</subfield></datafield><datafield ind1=" " ind2="7" tag="072"><subfield code="a">es</subfield><subfield code="2">rero</subfield></datafield><datafield ind1="0" ind2="4" tag="082"><subfield code="a">306.0985</subfield><subfield code="b">P78</subfield></datafield><datafield ind1="1" ind2="4" tag="082"><subfield code="a">860</subfield><subfield code="a">700</subfield><subfield code="2">15</subfield></datafield><datafield ind1="1" ind2=" " tag="100"><subfield code="a">Portocarrero Maisch, Gonzalo</subfield><subfield code="d">1949-</subfield><subfield code="0">(DE-588)172514827</subfield><subfield code="e">Verfasser</subfield><subfield code="4">aut</subfield></datafield><datafield ind1="1" ind2="0" tag="245"><subfield code="a">Imaginando al Perú</subfield><subfield code="b">búsquedas desde lo andino en arte y literatura</subfield><subfield code="c">Gonzalo Portocarrero</subfield></datafield><datafield ind1=" " ind2=" " tag="250"><subfield code="a">Primera edición</subfield></datafield><datafield ind1=" " ind2="1" tag="264"><subfield code="a">Lima</subfield><subfield code="b">Pontificia Universidad Católica del Perú, Instituto Riva-Agüero</subfield><subfield code="c">noviembre de 2015</subfield></datafield><datafield ind1=" " ind2=" " tag="300"><subfield code="a">184 p.</subfield><subfield code="b">il.</subfield><subfield code="c">24 cm</subfield></datafield><datafield ind1=" " ind2=" " tag="336"><subfield code="b">txt</subfield><subfield code="2">rdacontent</subfield></datafield><datafield ind1=" " ind2=" " tag="337"><subfield code="b">n</subfield><subfield code="2">rdamedia</subfield></datafield><datafield ind1=" " ind2=" " tag="338"><subfield code="b">nc</subfield><subfield code="2">rdacarrier</subfield></datafield><datafield ind1="1" ind2=" " tag="490"><subfield code="a">Publicaciones del Instituto Riva-Agüero</subfield><subfield code="v">nº 303</subfield></datafield><datafield ind1=" " ind2="4" tag="650"><subfield code="a">Mestizaje</subfield><subfield code="z">Perú</subfield></datafield><datafield ind1=" " ind2="4" tag="650"><subfield code="a">Cultura andina</subfield><subfield code="z">Perú</subfield></datafield><datafield ind1=" " ind2="4" tag="650"><subfield code="a">Arte popular</subfield><subfield code="z">Perú</subfield></datafield><datafield ind1=" " ind2="4" tag="650"><subfield code="a">Nacionalismo</subfield><subfield code="z">Perú</subfield><subfield code="x">Aspectos Culturales</subfield></datafield><datafield ind1=" " ind2="7" tag="650"><subfield code="a">Culture</subfield><subfield code="2">fast</subfield></datafield><datafield ind1=" " ind2="7" tag="650"><subfield code="a">Folk art</subfield><subfield code="2">fast</subfield></datafield><datafield ind1=" " ind2="7" tag="650"><subfield code="a">Literature</subfield><subfield code="2">fast</subfield></datafield><datafield ind1=" " ind2="7" tag="650"><subfield code="a">Miscegenation</subfield><subfield code="2">fast</subfield></datafield><datafield ind1=" " ind2="7" tag="650"><subfield code="a">Social problems</subfield><subfield code="2">fast</subfield></datafield><datafield ind1=" " ind2="0" tag="650"><subfield code="a">Art and popular culture</subfield><subfield code="z">Peru</subfield></datafield><datafield ind1=" " ind2="0" tag="650"><subfield code="a">Artists</subfield><subfield code="z">Peru</subfield><subfield code="v">Interviews</subfield></datafield><datafield ind1=" " ind2="0" tag="650"><subfield code="a">Social problems in art</subfield></datafield><datafield ind1=" " ind2="0" tag="650"><subfield code="a">Social problems in literature</subfield></datafield><datafield ind1=" " ind2="7" tag="650"><subfield code="a">Kunst</subfield><subfield code="0">(DE-588)4114333-4</subfield><subfield code="2">gnd</subfield></datafield><datafield ind1=" " ind2="7" tag="650"><subfield code="a">Literatur</subfield><subfield code="0">(DE-588)4035964-5</subfield><subfield code="2">gnd</subfield></datafield><datafield ind1=" " ind2="7" tag="650"><subfield code="a">Spanisch</subfield><subfield code="0">(DE-588)4077640-2</subfield><subfield code="2">gnd</subfield></datafield><datafield ind1=" " ind2="7" tag="650"><subfield code="a">Nationalcharakter</subfield><subfield code="0">(DE-588)4137343-1</subfield><subfield code="2">gnd</subfield></datafield><datafield ind1=" " ind2="7" tag="650"><subfield code="a">Volkskultur</subfield><subfield code="0">(DE-588)4063849-2</subfield><subfield code="2">gnd</subfield></datafield><datafield ind1=" " ind2="7" tag="650"><subfield code="a">Anden</subfield><subfield code="g">Motiv</subfield><subfield code="0">(DE-588)4212907-2</subfield><subfield code="2">gnd</subfield></datafield><datafield ind1=" " ind2="0" tag="650"><subfield code="a">Social problems</subfield><subfield code="z">Peru</subfield></datafield><datafield ind1=" " ind2="0" tag="650"><subfield code="a">Literature</subfield><subfield code="x">Art</subfield></datafield><datafield ind1=" " ind2="0" tag="650"><subfield code="a">Miscegenation</subfield><subfield code="z">Peru</subfield></datafield><datafield ind1=" " ind2="0" tag="650"><subfield code="a">Folk art</subfield><subfield code="z">Peru</subfield></datafield><datafield ind1=" " ind2="7" tag="650"><subfield code="a">Culture populaire</subfield><subfield code="0">(IDREF)027348237</subfield><subfield code="2">idref</subfield></datafield><datafield ind1=" " ind2="7" tag="650"><subfield code="a">Art populaire</subfield><subfield code="0">(IDREF)027364771</subfield><subfield code="2">idref</subfield></datafield><datafield ind1=" " ind2="7" tag="650"><subfield code="a">Métissage</subfield><subfield code="0">(IDREF)027807436</subfield><subfield code="2">idref</subfield></datafield><datafield ind1=" " ind2="7" tag="650"><subfield code="a">Indiens d'Amérique</subfield><subfield code="0">(IDREF)027325172</subfield><subfield code="2">idref</subfield></datafield><datafield ind1=" " ind2="7" tag="651"><subfield code="a">Andes Region</subfield><subfield code="2">fast</subfield></datafield><datafield ind1=" " ind2="7" tag="651"><subfield code="a">Peru</subfield><subfield code="2">fast</subfield></datafield><datafield ind1=" " ind2="0" tag="651"><subfield code="a">Andes Region</subfield><subfield code="x">Civilization</subfield></datafield><datafield ind1=" " ind2="7" tag="651"><subfield code="a">Peru</subfield><subfield code="0">(DE-588)4045312-1</subfield><subfield code="2">gnd</subfield></datafield><datafield ind1=" " ind2="0" tag="651"><subfield code="a">Andes Region</subfield><subfield code="x">culture</subfield></datafield><datafield ind1=" " ind2="7" tag="651"><subfield code="a">Pérou</subfield><subfield code="0">(IDREF)027252388</subfield><subfield code="2">idref</subfield></datafield><datafield ind1=" " ind2="7" tag="651"><subfield code="a">Andes</subfield><subfield code="0">(IDREF)027375242</subfield><subfield code="2">idref</subfield></datafield><datafield ind1=" " ind2="7" tag="655"><subfield code="a">Art</subfield><subfield code="2">fast</subfield></datafield><datafield ind1="1" ind2=" " tag="700"><subfield code="a">Portocarrero, Gonzalo</subfield><subfield code="0">(RERO)A012010635</subfield><subfield code="4">cre</subfield></datafield><datafield ind1="4" ind2=" " tag="856"><subfield code="3">Titelblatt und Inhaltsverzeichnis</subfield><subfield code="u">https://toc.library.ethz.ch/objects/pdf03/z01_978-9972-832-78-9_01.pdf</subfield><subfield code="q">pdf</subfield></datafield><datafield ind1=" " ind2=" " tag="830"><subfield code="a">Publicaciones del Instituto Riva-Agüero</subfield><subfield code="v">303</subfield><subfield code="w">(RERO)1084379-41slsp</subfield></datafield><datafield ind1=" " ind2=" " tag="830"><subfield code="a">Publicación del Instituto Riva-Agüero</subfield><subfield code="v">303</subfield><subfield code="w">(NEBIS)001694287EBI01</subfield></datafield><datafield ind1=" " ind2=" " tag="900"><subfield code="a">IDSZ2zbzmon201704f</subfield><subfield code="c">IDSZ2meyc</subfield><subfield code="d">IDSZ2zbzswk201708g</subfield><subfield code="e">IDSZ2kara</subfield></datafield><datafield ind1=" " ind2=" " tag="900"><subfield code="a">REROnoselfmerge</subfield></datafield><datafield ind1=" " ind2=" " tag="910"><subfield code="a">OCoLC</subfield><subfield code="b">20170925</subfield><subfield code="c">Droits réservés</subfield></datafield><datafield ind1=" " ind2=" " tag="949"><subfield code="a">https://toc.library.ethz.ch/objects/pdf03/z01_978-9972-832-78-9_01.pdf</subfield></datafield><datafield ind1=" " ind2=" " tag="993"><subfield code="a">BFLA 280925</subfield><subfield code="x">ge/ules/a/18/435-1</subfield><subfield code="9">LOCAL</subfield></datafield></record>
</metadata></record>