<record><header><identifier>oai:alma.41SLSP_UGE:991000777249705502</identifier><datestamp>2023-03-01T01:10:18Z</datestamp><setSpec>uge_bcen_RapidILL_BOOK</setSpec><setSpec>uge_aaca_RapidILL_BOOK</setSpec><setSpec>uge_abels_RapidILL_BOOK</setSpec><setSpec>uge_dbu_RapidILL_BOOK</setSpec><setSpec>uge_cmu_RapidILL_BOOK</setSpec><setSpec>uge_mail_RapidILL_BOOK</setSpec><setSpec>UNIGE_ALL</setSpec><setSpec>uge_abbat_RapidILL_BOOK</setSpec><setSpec>uge_aobs_RapidILL_BOOK</setSpec><setSpec>uge_acar_RapidILL_BOOK</setSpec></header><metadata>
<record xmlns="http://www.loc.gov/MARC21/slim" xmlns:xsi="http://www.w3.org/2001/XMLSchema-instance" xsi:schemaLocation="http://www.loc.gov/MARC21/slim http://www.loc.gov/standards/marcxml/schema/MARC21slim.xsd"><leader>01649nam a2200385 c 4500</leader><controlfield tag="001">991000777249705502</controlfield><controlfield tag="005">20201222213905.0</controlfield><controlfield tag="008">201012s1971    it ||||| |||| 00| ||ita d</controlfield><datafield ind1=" " ind2=" " tag="035"><subfield code="a">(swissbib)237912767-41slsp_network</subfield></datafield><datafield ind1=" " ind2=" " tag="035"><subfield code="a">237912767</subfield><subfield code="9">ExL</subfield></datafield><datafield ind1=" " ind2=" " tag="035"><subfield code="a">(RERO)0032331-41slsp</subfield></datafield><datafield ind1=" " ind2=" " tag="035"><subfield code="a">(IDSBB)001179946DSV01</subfield></datafield><datafield ind1=" " ind2=" " tag="035"><subfield code="a">(SBT)000832913SBT01</subfield></datafield><datafield ind1=" " ind2=" " tag="035"><subfield code="a">(EXLNZ-41SLSP_NETWORK)991049598179705501</subfield></datafield><datafield ind1=" " ind2=" " tag="040"><subfield code="a">RERO</subfield><subfield code="d">CH-ZuSLS</subfield></datafield><datafield ind1=" " ind2="7" tag="072"><subfield code="a">it</subfield><subfield code="2">SzZuIDS BS/BE</subfield></datafield><datafield ind1=" " ind2="7" tag="072"><subfield code="a">it</subfield><subfield code="2">rero</subfield></datafield><datafield ind1="0" ind2=" " tag="100"><subfield code="a">Cecco D'Ascoli</subfield><subfield code="c">Francesco Stabili dit Cecco D'Ascoli</subfield><subfield code="0">(RERO)A000030155</subfield><subfield code="4">cre</subfield><subfield code="6">880-01</subfield></datafield><datafield ind1="0" ind2=" " tag="880"><subfield code="6">100-01</subfield><subfield code="a">Cecco D'Ascoli</subfield><subfield code="0">(SBT11)000001403</subfield></datafield><datafield ind1="1" ind2="0" tag="245"><subfield code="a">&lt;&lt;L'&gt;&gt;acerba</subfield><subfield code="b">secondo la lezione del Codice Eugubino dell'anno 1376</subfield><subfield code="c">Cecco d'Ascoli ; [testo a cura di Basilio Censori ed Emidio Vittori]</subfield></datafield><datafield ind1=" " ind2="1" tag="264"><subfield code="a">Ascoli Piceno</subfield><subfield code="b">Comune di Ascoli Piceno</subfield><subfield code="c">1971</subfield></datafield><datafield ind1=" " ind2=" " tag="300"><subfield code="a">XXVIII, 265 p.</subfield><subfield code="b">facs.</subfield><subfield code="c">30 cm</subfield></datafield><datafield ind1=" " ind2=" " tag="336"><subfield code="b">txt</subfield><subfield code="2">rdacontent</subfield></datafield><datafield ind1=" " ind2=" " tag="337"><subfield code="b">n</subfield><subfield code="2">rdamedia</subfield></datafield><datafield ind1=" " ind2=" " tag="338"><subfield code="b">nc</subfield><subfield code="2">rdacarrier</subfield></datafield><datafield ind1=" " ind2=" " tag="500"><subfield code="a">Il codice fa parte del fondo manoscritti della Biblioteca comunale di Ascoli Piceno</subfield></datafield><datafield ind1=" " ind2=" " tag="500"><subfield code="a">La presente edizione nel VII centenario della nascita di Cecco d'Ascoli</subfield></datafield><datafield ind1=" " ind2=" " tag="500"><subfield code="a">Pubblicato in occasione del 7° centenario della nascita di Cecco D'Ascoli</subfield></datafield><datafield ind1="0" ind2="7" tag="600"><subfield code="a">Cecco</subfield><subfield code="c">d'Ascoli</subfield><subfield code="d">1269-1327</subfield><subfield code="t">&lt;&lt;L'&gt;&gt;Acerba</subfield><subfield code="0">(DE-588)4674198-7</subfield><subfield code="2">gnd</subfield></datafield><datafield ind1=" " ind2="7" tag="655"><subfield code="a">Festschrift</subfield><subfield code="2">gnd-content</subfield></datafield><datafield ind1=" " ind2=" " tag="691"><subfield code="e">851.1</subfield><subfield code="a">Poesia italiana, origini-1375</subfield><subfield code="2">usi-TE</subfield></datafield><datafield ind1="0" ind2=" " tag="700"><subfield code="a">Cecco</subfield><subfield code="c">d'Ascoli</subfield><subfield code="d">1269-1327</subfield><subfield code="0">(DE-588)118638270</subfield></datafield><datafield ind1="0" ind2=" " tag="700"><subfield code="a">Cecco</subfield><subfield code="c">d'Ascoli</subfield><subfield code="d">1269-1327</subfield><subfield code="0">(DE-588)118638270</subfield></datafield><datafield ind1="1" ind2=" " tag="700"><subfield code="a">Censori, Basilio</subfield><subfield code="d">19..-....</subfield><subfield code="0">(IDREF)083571469</subfield></datafield><datafield ind1="1" ind2=" " tag="700"><subfield code="a">Vittori, Emidio</subfield><subfield code="0">(RERO)A003945826</subfield></datafield><datafield ind1=" " ind2=" " tag="900"><subfield code="a">REROnoselfmerge</subfield></datafield><datafield ind1=" " ind2=" " tag="993"><subfield code="a">BFLB 20250</subfield><subfield code="x">ge/ulit/a/01/127</subfield><subfield code="9">LOCAL</subfield></datafield></record>
</metadata></record>