<record><header><identifier>oai:alma.41SLSP_UGE:991000773199705502</identifier><datestamp>2024-11-19T01:09:12Z</datestamp><setSpec>uge_bcen_RapidILL_BOOK</setSpec><setSpec>uge_aaca_RapidILL_BOOK</setSpec><setSpec>uge_abels_RapidILL_BOOK</setSpec><setSpec>uge_dbu_RapidILL_BOOK</setSpec><setSpec>uge_cmu_RapidILL_BOOK</setSpec><setSpec>uge_mail_RapidILL_BOOK</setSpec><setSpec>UNIGE_ALL</setSpec><setSpec>uge_abbat_RapidILL_BOOK</setSpec><setSpec>uge_aobs_RapidILL_BOOK</setSpec><setSpec>uge_acar_RapidILL_BOOK</setSpec></header><metadata>
<record xmlns="http://www.loc.gov/MARC21/slim" xmlns:xsi="http://www.w3.org/2001/XMLSchema-instance" xsi:schemaLocation="http://www.loc.gov/MARC21/slim http://www.loc.gov/standards/marcxml/schema/MARC21slim.xsd"><leader>01572nam a2200373 ca4500</leader><controlfield tag="001">991000773199705502</controlfield><controlfield tag="005">20241118233120.0</controlfield><controlfield tag="008">201012m18701879gw ||||| |||| 00| ||lat d</controlfield><datafield ind1=" " ind2=" " tag="035"><subfield code="a">(swissbib)241282438-41slsp_network</subfield></datafield><datafield ind1=" " ind2=" " tag="035"><subfield code="a">241282438</subfield><subfield code="9">ExL</subfield></datafield><datafield ind1=" " ind2=" " tag="035"><subfield code="a">(RERO)0060762-41slsp</subfield></datafield><datafield ind1=" " ind2=" " tag="035"><subfield code="a">(IDSBB)002877665DSV01</subfield></datafield><datafield ind1=" " ind2=" " tag="035"><subfield code="a">(EXLNZ-41SLSP_NETWORK)991146887519705501</subfield></datafield><datafield ind1=" " ind2=" " tag="040"><subfield code="a">RERO</subfield><subfield code="d">CH-ZuSLS</subfield></datafield><datafield ind1="0" ind2=" " tag="041"><subfield code="a">lat</subfield><subfield code="a">fre</subfield><subfield code="a">rus</subfield></datafield><datafield ind1=" " ind2="7" tag="072"><subfield code="a">di</subfield><subfield code="2">rero</subfield></datafield><datafield ind1="1" ind2=" " tag="080"><subfield code="a">811.135.1(038.137)</subfield></datafield><datafield ind1="1" ind2=" " tag="100"><subfield code="a">Cihac, Alexandru de</subfield><subfield code="0">(RERO)A003107581</subfield><subfield code="4">cre</subfield></datafield><datafield ind1="1" ind2="0" tag="245"><subfield code="a">Dictionnaire d'étymologie daco-romane</subfield><subfield code="c">par A. de Cihac</subfield></datafield><datafield ind1=" " ind2="1" tag="264"><subfield code="a">Francfort s/M.</subfield><subfield code="b">L. St-Goar</subfield><subfield code="c">1870-1879</subfield></datafield><datafield ind1=" " ind2=" " tag="300"><subfield code="a">2 vol. (XII, 331; XXIV, 816 p.)</subfield><subfield code="c">23 cm</subfield></datafield><datafield ind1=" " ind2=" " tag="336"><subfield code="b">txt</subfield><subfield code="2">rdacontent</subfield></datafield><datafield ind1=" " ind2=" " tag="337"><subfield code="b">n</subfield><subfield code="2">rdamedia</subfield></datafield><datafield ind1=" " ind2=" " tag="338"><subfield code="b">nc</subfield><subfield code="2">rdacarrier</subfield></datafield><datafield ind1=" " ind2=" " tag="500"><subfield code="a">Vol. [1](1870): Éléments latins comparés avec les autres langues romanes</subfield></datafield><datafield ind1=" " ind2=" " tag="500"><subfield code="a">Vol. [2](1879): Éléments slaves, magyars, turcs, grecs-moderne et albanais</subfield></datafield><datafield ind1="0" ind2="0" tag="505"><subfield code="g">Bd. 1</subfield><subfield code="t">Eléments latins comparés avec les autres langues romanes</subfield></datafield><datafield ind1="0" ind2="0" tag="505"><subfield code="g">Bd. 2</subfield><subfield code="t">Eléments slaves, magyars, turcs, grecs moderne et albanais</subfield></datafield><datafield ind1=" " ind2="7" tag="650"><subfield code="a">daco-romane (langue)</subfield><subfield code="0">(RERO)A010071158</subfield><subfield code="2">rerovoc</subfield></datafield><datafield ind1=" " ind2="7" tag="650"><subfield code="a">Langues romanes</subfield><subfield code="0">(IDREF)027471187</subfield><subfield code="2">idref</subfield></datafield><datafield ind1=" " ind2="7" tag="655"><subfield code="a">Dictionnaires étymologiques</subfield><subfield code="0">(IDREF)029252601</subfield><subfield code="2">idref</subfield></datafield><datafield ind1="1" ind2=" " tag="700"><subfield code="a">Cihac, Alexandre de</subfield></datafield><datafield ind1="0" ind2="8" tag="776"><subfield code="i">Publié également comme</subfield><subfield code="n">édition en ligne</subfield><subfield code="t">Dictionnaire d'étymologie daco-romane</subfield><subfield code="w">991172000644705501</subfield></datafield><datafield ind1="4" ind2="1" tag="856"><subfield code="u">http://books.google.ch/books?vid=BCUL1092077781</subfield><subfield code="z">Googlos 2007-2009</subfield></datafield><datafield ind1=" " ind2=" " tag="900"><subfield code="a">REROnoselfmerge</subfield></datafield></record>
</metadata></record>