<record><header><identifier>oai:alma.41SLSP_UGE:991000776969705502</identifier><datestamp>2023-03-01T01:10:18Z</datestamp><setSpec>UNIGE_ALL</setSpec></header><metadata>
<record xmlns="http://www.loc.gov/MARC21/slim" xmlns:xsi="http://www.w3.org/2001/XMLSchema-instance" xsi:schemaLocation="http://www.loc.gov/MARC21/slim http://www.loc.gov/standards/marcxml/schema/MARC21slim.xsd"><leader>01721njm a22004217c 4500</leader><controlfield tag="001">991000776969705502</controlfield><controlfield tag="005">20211105200203.0</controlfield><controlfield tag="007">sd b||||||||||</controlfield><controlfield tag="008">110122s1967    xx ||n |            fre d</controlfield><datafield ind1="0" ind2="2" tag="028"><subfield code="a">EMI 2 C 069-00065</subfield></datafield><datafield ind1=" " ind2=" " tag="035"><subfield code="a">(swissbib)113569718-41slsp_network</subfield></datafield><datafield ind1=" " ind2=" " tag="035"><subfield code="a">113569718</subfield><subfield code="9">ExL</subfield></datafield><datafield ind1=" " ind2=" " tag="035"><subfield code="a">(RERO)R006022399-41slsp</subfield></datafield><datafield ind1=" " ind2=" " tag="035"><subfield code="a">(EXLNZ-41SLSP_NETWORK)991056924029705501</subfield></datafield><datafield ind1=" " ind2=" " tag="040"><subfield code="a">RERO geulmu</subfield><subfield code="d">CH-ZuSLS</subfield></datafield><datafield ind1=" " ind2="7" tag="072"><subfield code="a">mu</subfield><subfield code="2">rero</subfield></datafield><datafield ind1="1" ind2=" " tag="100"><subfield code="a">Mahler, Gustav</subfield><subfield code="d">1860-1911</subfield><subfield code="0">(IDREF)027001830</subfield><subfield code="4">cre</subfield></datafield><datafield ind1="1" ind2="0" tag="245"><subfield code="a">&lt;&lt;Das&gt;&gt; Lied von der Erde</subfield><subfield code="b">= Le chant de la terre : symphonie pour mezzo-soprano, ténor et orchestre</subfield><subfield code="c">Gustav Mahler ; poèmes de Hans Bethge, Li-Taï-Po, Tchang-Tsi, Mong-Kao-Yen, Wang-Weï</subfield></datafield><datafield ind1="1" ind2=" " tag="246"><subfield code="a">Chant de la terre</subfield></datafield><datafield ind1=" " ind2="1" tag="264"><subfield code="a">[Lieu de publication non identifié]</subfield><subfield code="b">[éditeur non identifié]</subfield><subfield code="c">1967</subfield></datafield><datafield ind1=" " ind2=" " tag="300"><subfield code="a">1 disque sonore</subfield><subfield code="b">33 t.</subfield></datafield><datafield ind1=" " ind2=" " tag="336"><subfield code="b">prm</subfield><subfield code="2">rdacontent</subfield></datafield><datafield ind1=" " ind2=" " tag="337"><subfield code="b">s</subfield><subfield code="2">rdamedia</subfield></datafield><datafield ind1=" " ind2=" " tag="338"><subfield code="b">sd</subfield><subfield code="2">rdacarrier</subfield></datafield><datafield ind1=" " ind2=" " tag="500"><subfield code="a">Formation: solistes vocaux, orchestre symphonique</subfield></datafield><datafield ind1=" " ind2=" " tag="500"><subfield code="a">Langue(s) chantée(s) : allemand</subfield></datafield><datafield ind1=" " ind2=" " tag="500"><subfield code="a">AAD</subfield></datafield><datafield ind1="0" ind2=" " tag="505"><subfield code="a">[Das Lied von Erde. Ténor, alto ou baryton, orchestre]</subfield></datafield><datafield ind1="0" ind2=" " tag="700"><subfield code="a">Tchang-tsi</subfield><subfield code="0">(RERO)A018768217</subfield></datafield><datafield ind1="1" ind2=" " tag="700"><subfield code="a">Bethge, Hans</subfield><subfield code="d">1876-1946</subfield><subfield code="0">(IDREF)026726378</subfield></datafield><datafield ind1="1" ind2=" " tag="700"><subfield code="a">Klemperer, Otto</subfield><subfield code="d">1885-1973</subfield><subfield code="0">(IDREF)028316355</subfield></datafield><datafield ind1="1" ind2=" " tag="700"><subfield code="a">Li, Bai</subfield><subfield code="d">0701-0762</subfield><subfield code="0">(IDREF)026989395</subfield></datafield><datafield ind1="1" ind2=" " tag="700"><subfield code="a">Ludwig, Christa</subfield><subfield code="d">1928-2021</subfield><subfield code="0">(IDREF)034879021</subfield></datafield><datafield ind1="1" ind2=" " tag="700"><subfield code="a">Meng, Haoran</subfield><subfield code="d">0689-0740</subfield><subfield code="0">(IDREF)080278671</subfield></datafield><datafield ind1="1" ind2=" " tag="700"><subfield code="a">Wang, Wei</subfield><subfield code="d">0701?-0761?</subfield><subfield code="0">(IDREF)027192687</subfield></datafield><datafield ind1="1" ind2=" " tag="700"><subfield code="a">Wunderlich, Fritz</subfield><subfield code="d">1930-1966</subfield><subfield code="0">(IDREF)079944841</subfield></datafield><datafield ind1="2" ind2=" " tag="710"><subfield code="a">New Philharmonia Orchestra (London)</subfield><subfield code="0">(RERO)A000121751</subfield></datafield><datafield ind1="2" ind2=" " tag="710"><subfield code="a">Philharmonia Orchestra</subfield><subfield code="g">Londres</subfield><subfield code="0">(IDREF)087930978</subfield></datafield><datafield ind1=" " ind2=" " tag="900"><subfield code="a">REROnoselfmerge</subfield></datafield><datafield ind1=" " ind2=" " tag="960"><subfield code="2">matmu</subfield><subfield code="a">Autriche ; XXe ; Lieder</subfield><subfield code="9">LOCAL</subfield></datafield></record>
</metadata></record>