<record><header><identifier>oai:alma.41SLSP_UGE:991000772989705502</identifier><datestamp>2024-11-10T01:24:40Z</datestamp><setSpec>uge_bcen_RapidILL_BOOK</setSpec><setSpec>uge_aaca_RapidILL_BOOK</setSpec><setSpec>uge_abels_RapidILL_BOOK</setSpec><setSpec>uge_dbu_RapidILL_BOOK</setSpec><setSpec>uge_cmu_RapidILL_BOOK</setSpec><setSpec>uge_mail_RapidILL_BOOK</setSpec><setSpec>UNIGE_ALL</setSpec><setSpec>uge_abbat_RapidILL_BOOK</setSpec><setSpec>uge_aobs_RapidILL_BOOK</setSpec><setSpec>uge_acar_RapidILL_BOOK</setSpec></header><metadata>
<record xmlns="http://www.loc.gov/MARC21/slim" xmlns:xsi="http://www.w3.org/2001/XMLSchema-instance" xsi:schemaLocation="http://www.loc.gov/MARC21/slim http://www.loc.gov/standards/marcxml/schema/MARC21slim.xsd"><leader>03498nam a2200853 c 4500</leader><controlfield tag="001">991000772989705502</controlfield><controlfield tag="005">20230129181202.0</controlfield><controlfield tag="008">201011s2006    sz ||||| |||| 00| ||eng d</controlfield><datafield ind1=" " ind2=" " tag="020"><subfield code="a">2884771174</subfield></datafield><datafield ind1=" " ind2=" " tag="035"><subfield code="a">(swissbib)226491765-41slsp_network</subfield></datafield><datafield ind1=" " ind2=" " tag="035"><subfield code="a">226491765</subfield><subfield code="9">ExL</subfield></datafield><datafield ind1=" " ind2=" " tag="035"><subfield code="a">(RERO)R004297606-41slsp</subfield></datafield><datafield ind1=" " ind2=" " tag="035"><subfield code="a">(IDSLU)000509491ILU01</subfield></datafield><datafield ind1=" " ind2=" " tag="035"><subfield code="a">(NEBIS)005288495EBI01</subfield></datafield><datafield ind1=" " ind2=" " tag="035"><subfield code="a">(IDSBB)004106915DSV01</subfield></datafield><datafield ind1=" " ind2=" " tag="035"><subfield code="a">(EXLNZ-41SLSP_NETWORK)991126640859705501</subfield></datafield><datafield ind1=" " ind2=" " tag="040"><subfield code="a">RERO geubfd</subfield><subfield code="d">CH-ZuSLS</subfield></datafield><datafield ind1=" " ind2=" " tag="044"><subfield code="a">sz</subfield><subfield code="c">ch-ge</subfield></datafield><datafield ind1=" " ind2="7" tag="072"><subfield code="a">dr</subfield><subfield code="2">rero</subfield></datafield><datafield ind1=" " ind2="7" tag="072"><subfield code="a">811</subfield><subfield code="2">IDS LU</subfield></datafield><datafield ind1=" " ind2="7" tag="072"><subfield code="a">rw</subfield><subfield code="2">SzZuIDS BS/BE</subfield></datafield><datafield ind1="1" ind2="4" tag="082"><subfield code="a">340</subfield><subfield code="2">15</subfield></datafield><datafield ind1=" " ind2=" " tag="084"><subfield code="a">D 18 g</subfield><subfield code="2">cjurrom</subfield></datafield><datafield ind1=" " ind2=" " tag="084"><subfield code="a">BF 38 g</subfield><subfield code="2">cjurrom</subfield></datafield><datafield ind1=" " ind2=" " tag="084"><subfield code="a">D 18 g BF</subfield><subfield code="2">cjurrom</subfield></datafield><datafield ind1=" " ind2=" " tag="084"><subfield code="a">D 18.4 g</subfield><subfield code="2">cjurrom</subfield></datafield><datafield ind1="1" ind2=" " tag="100"><subfield code="a">Viljoen, Frans</subfield><subfield code="d">1963-</subfield><subfield code="0">(DE-588)135730406</subfield><subfield code="6">880-01</subfield></datafield><datafield ind1="1" ind2=" " tag="880"><subfield code="6">100-01</subfield><subfield code="a">Viljoen, Frans</subfield><subfield code="d">19..-</subfield><subfield code="0">(IDREF)061660590</subfield><subfield code="4">cre</subfield></datafield><datafield ind1="1" ind2="0" tag="245"><subfield code="a">&lt;&lt;The&gt;&gt; prohibition of torture and ill-treatment in the African human rights system</subfield><subfield code="b">a handbook for victims and their advocates</subfield><subfield code="c">Frans Viljoen and Chidi Odinkalu</subfield></datafield><datafield ind1=" " ind2="1" tag="264"><subfield code="a">Geneva</subfield><subfield code="b">OMCT</subfield><subfield code="c">2006</subfield></datafield><datafield ind1=" " ind2=" " tag="300"><subfield code="a">163 S.</subfield><subfield code="b">Ill.</subfield><subfield code="c">21 cm</subfield></datafield><datafield ind1=" " ind2=" " tag="336"><subfield code="b">txt</subfield><subfield code="2">rdacontent</subfield></datafield><datafield ind1=" " ind2=" " tag="337"><subfield code="b">n</subfield><subfield code="2">rdamedia</subfield></datafield><datafield ind1=" " ind2=" " tag="338"><subfield code="b">nc</subfield><subfield code="2">rdacarrier</subfield></datafield><datafield ind1="1" ind2=" " tag="490"><subfield code="a">OMCT handbook series</subfield><subfield code="v">vol. 3</subfield></datafield><datafield ind1=" " ind2=" " tag="500"><subfield code="a">Franz. Ausg. u.d.T.: La prohibition de la torture et des mauvais traitements dans le système africain des droits de l'homme</subfield></datafield><datafield ind1=" " ind2=" " tag="500"><subfield code="a">Enth. im Anhang diverse Materialien zum Thema</subfield></datafield><datafield ind1=" " ind2=" " tag="504"><subfield code="a">Bibliogr.</subfield></datafield><datafield ind1=" " ind2=" " tag="580"><subfield code="a">Ed. française: La prohibition de la torture et des mauvais traitements dans le système africain des droits de l'homme</subfield></datafield><datafield ind1="1" ind2="0" tag="610"><subfield code="a">Human Rights Africa (Organization)</subfield></datafield><datafield ind1="2" ind2="0" tag="610"><subfield code="a">United Nations</subfield><subfield code="b">Committee against Torture</subfield></datafield><datafield ind1="2" ind2="0" tag="610"><subfield code="a">United Nations</subfield><subfield code="b">Committee on the Elimination of Discrimination Against Women</subfield></datafield><datafield ind1="2" ind2="0" tag="610"><subfield code="a">United Nations</subfield><subfield code="b">Human Rights Committee</subfield></datafield><datafield ind1="0" ind2="7" tag="630"><subfield code="a">Afrikanische Charta der Rechte der Menschen und Völker</subfield><subfield code="0">(DE-588)4141581-4</subfield><subfield code="2">gnd</subfield></datafield><datafield ind1=" " ind2="7" tag="650"><subfield code="a">Droits de l'homme</subfield><subfield code="0">(IDREF)027466957</subfield><subfield code="2">idref</subfield></datafield><datafield ind1=" " ind2="7" tag="650"><subfield code="a">torture - prévention</subfield><subfield code="0">(RERO)A010159387</subfield><subfield code="2">rerovoc</subfield></datafield><datafield ind1=" " ind2="7" tag="650"><subfield code="a">Violence</subfield><subfield code="0">(IDREF)027255891</subfield><subfield code="2">idref</subfield></datafield><datafield ind1=" " ind2="7" tag="650"><subfield code="a">Folter</subfield><subfield code="0">(DE-588)4017801-8</subfield><subfield code="2">gnd</subfield></datafield><datafield ind1=" " ind2="7" tag="650"><subfield code="a">Verbot</subfield><subfield code="0">(DE-588)4139469-0</subfield><subfield code="2">gnd</subfield></datafield><datafield ind1=" " ind2="7" tag="650"><subfield code="a">Folter</subfield><subfield code="2">idszbz</subfield></datafield><datafield ind1=" " ind2="7" tag="650"><subfield code="a">Menschenrecht</subfield><subfield code="2">idszbz</subfield></datafield><datafield ind1=" " ind2="7" tag="650"><subfield code="a">Misshandlung</subfield><subfield code="2">idszbz</subfield></datafield><datafield ind1=" " ind2="7" tag="650"><subfield code="a">Verbot</subfield><subfield code="2">idszbz</subfield></datafield><datafield ind1=" " ind2="0" tag="650"><subfield code="a">Civil rights</subfield><subfield code="z">Africa</subfield></datafield><datafield ind1=" " ind2="0" tag="650"><subfield code="a">Civil rights</subfield><subfield code="z">Europe</subfield></datafield><datafield ind1=" " ind2="0" tag="650"><subfield code="a">Human rights</subfield><subfield code="z">Africa</subfield></datafield><datafield ind1=" " ind2="0" tag="650"><subfield code="a">Human rights</subfield><subfield code="z">Europe</subfield></datafield><datafield ind1=" " ind2="0" tag="650"><subfield code="a">Torture (International law)</subfield></datafield><datafield ind1=" " ind2="0" tag="650"><subfield code="a">Torture</subfield><subfield code="x">Law and legislation</subfield><subfield code="z">Europe</subfield></datafield><datafield ind1=" " ind2="7" tag="650"><subfield code="a">Grundrechte</subfield><subfield code="x">Folter</subfield><subfield code="z">Afrika</subfield><subfield code="2">idsbb</subfield></datafield><datafield ind1=" " ind2="7" tag="650"><subfield code="a">Folter</subfield><subfield code="x">Grundrechte</subfield><subfield code="z">Afrika</subfield><subfield code="2">idsbb</subfield></datafield><datafield ind1=" " ind2="7" tag="650"><subfield code="a">Grundrechte</subfield><subfield code="z">Afrika</subfield><subfield code="v">Quelle</subfield><subfield code="2">idsbb</subfield></datafield><datafield ind1=" " ind2="7" tag="651"><subfield code="a">Afrique</subfield><subfield code="0">(IDREF)027218546</subfield><subfield code="2">idref</subfield></datafield><datafield ind1=" " ind2="7" tag="651"><subfield code="a">Afrika</subfield><subfield code="2">idszbz</subfield></datafield><datafield ind1=" " ind2="7" tag="655"><subfield code="a">Manuels d'enseignement</subfield><subfield code="0">(IDREF)027446514</subfield><subfield code="2">idref</subfield></datafield><datafield ind1=" " ind2=" " tag="691"><subfield code="e">PD 18</subfield><subfield code="2">rzs-L1</subfield></datafield><datafield ind1="1" ind2=" " tag="700"><subfield code="a">Odinkalu, Chidi</subfield><subfield code="d">19..-....</subfield></datafield><datafield ind1="1" ind2=" " tag="700"><subfield code="a">Odinkalu, Chidi</subfield><subfield code="0">(IDREF)185265197</subfield></datafield><datafield ind1="0" ind2=" " tag="775"><subfield code="t">Prohibition de la torture et des mauvais traitements dans le système africain des droits de l'homme</subfield></datafield><datafield ind1=" " ind2="0" tag="830"><subfield code="a">OMCT handbook series</subfield><subfield code="v">3</subfield><subfield code="w">(IDSBB)004106119DSV01</subfield></datafield><datafield ind1=" " ind2="0" tag="830"><subfield code="a">OMCT handbook series</subfield><subfield code="v">3</subfield><subfield code="w">(IDSLU)000509483ILU01</subfield></datafield><datafield ind1=" " ind2="0" tag="830"><subfield code="a">OMCT handbook series</subfield><subfield code="v">3</subfield><subfield code="w">(RERO)R004199757-41slsp</subfield></datafield><datafield ind1=" " ind2=" " tag="900"><subfield code="a">REROnoselfmerge</subfield></datafield><datafield ind1=" " ind2=" " tag="900"><subfield code="a">IDSZ2rwimon200701p</subfield><subfield code="c">IDSZ2buche 070124</subfield><subfield code="d">IDSZ2rwiswk200706b</subfield><subfield code="e">IDSZ2meim</subfield></datafield><datafield ind1=" " ind2=" " tag="900"><subfield code="a">IDSZ2zbzmon200708l</subfield><subfield code="c">IDSZ2meyc</subfield><subfield code="d">IDSZ2zbzswk200708u</subfield></datafield></record>
</metadata></record>