<record><header><identifier>oai:alma.41SLSP_UGE:991000773599705502</identifier><datestamp>2023-03-01T01:10:18Z</datestamp><setSpec>uge_bcen_RapidILL_BOOK</setSpec><setSpec>uge_aaca_RapidILL_BOOK</setSpec><setSpec>uge_abels_RapidILL_BOOK</setSpec><setSpec>uge_dbu_RapidILL_BOOK</setSpec><setSpec>uge_cmu_RapidILL_BOOK</setSpec><setSpec>uge_mail_RapidILL_BOOK</setSpec><setSpec>uge_abbat_RapidILL_BOOK</setSpec><setSpec>UNIGE_ALL</setSpec><setSpec>uge_aobs_RapidILL_BOOK</setSpec><setSpec>uge_acar_RapidILL_BOOK</setSpec></header><metadata>
<record xmlns="http://www.loc.gov/MARC21/slim" xmlns:xsi="http://www.w3.org/2001/XMLSchema-instance" xsi:schemaLocation="http://www.loc.gov/MARC21/slim http://www.loc.gov/standards/marcxml/schema/MARC21slim.xsd"><leader>01883nam a2200541 c 4500</leader><controlfield tag="001">991000773599705502</controlfield><controlfield tag="005">20230227195250.0</controlfield><controlfield tag="008">201011s1992    xxk||||| |||| 00| ||eng d</controlfield><datafield ind1=" " ind2=" " tag="019"><subfield code="a">Lodge, David (1935-) / Library of Congress</subfield></datafield><datafield ind1=" " ind2=" " tag="020"><subfield code="a">0436256711</subfield></datafield><datafield ind1=" " ind2=" " tag="035"><subfield code="a">(swissbib)226794512-41slsp_network</subfield></datafield><datafield ind1=" " ind2=" " tag="035"><subfield code="a">226794512</subfield><subfield code="9">ExL</subfield></datafield><datafield ind1=" " ind2=" " tag="035"><subfield code="a">(RERO)1705447-41slsp</subfield></datafield><datafield ind1=" " ind2=" " tag="035"><subfield code="a">(NEBIS)001254456EBI01</subfield></datafield><datafield ind1=" " ind2=" " tag="035"><subfield code="a">(EXLNZ-41SLSP_NETWORK)991112288419705501</subfield></datafield><datafield ind1=" " ind2=" " tag="040"><subfield code="a">RERO geulan</subfield><subfield code="d">CH-ZuSLS</subfield></datafield><datafield ind1=" " ind2="7" tag="072"><subfield code="a">an</subfield><subfield code="2">rero</subfield></datafield><datafield ind1="1" ind2=" " tag="080"><subfield code="a">820-3(091)</subfield></datafield><datafield ind1="0" ind2="0" tag="082"><subfield code="a">823.009</subfield><subfield code="2">20</subfield></datafield><datafield ind1="0" ind2="4" tag="082"><subfield code="a">809.3</subfield><subfield code="2">20</subfield></datafield><datafield ind1="0" ind2="4" tag="082"><subfield code="a">800</subfield></datafield><datafield ind1="1" ind2=" " tag="100"><subfield code="6">880-01</subfield><subfield code="a">Lodge, David</subfield><subfield code="d">1935-....</subfield><subfield code="0">(IDREF)029906369</subfield><subfield code="4">cre</subfield></datafield><datafield ind1="1" ind2=" " tag="880"><subfield code="a">Lodge, David</subfield><subfield code="d">1935-</subfield><subfield code="0">(DE-588)118915185</subfield><subfield code="6">100-01</subfield></datafield><datafield ind1="1" ind2="0" tag="245"><subfield code="a">&lt;&lt;The&gt;&gt; art of fiction</subfield><subfield code="b">illustrated from classic and modern texts</subfield><subfield code="c">David Lodge</subfield></datafield><datafield ind1=" " ind2="1" tag="264"><subfield code="a">London</subfield><subfield code="b">Secker &amp; Warburg</subfield><subfield code="c">1992</subfield></datafield><datafield ind1=" " ind2=" " tag="300"><subfield code="a">XI, 239 p.</subfield><subfield code="c">23 cm</subfield></datafield><datafield ind1=" " ind2=" " tag="336"><subfield code="b">txt</subfield><subfield code="2">rdacontent</subfield></datafield><datafield ind1=" " ind2=" " tag="337"><subfield code="b">n</subfield><subfield code="2">rdamedia</subfield></datafield><datafield ind1=" " ind2=" " tag="338"><subfield code="b">nc</subfield><subfield code="2">rdacarrier</subfield></datafield><datafield ind1=" " ind2=" " tag="504"><subfield code="a">Literaturverz.</subfield></datafield><datafield ind1=" " ind2="7" tag="650"><subfield code="a">Roman anglais</subfield><subfield code="0">(IDREF)028221052</subfield><subfield code="2">idref</subfield></datafield><datafield ind1=" " ind2="7" tag="650"><subfield code="a">Esthétique</subfield><subfield code="0">(IDREF)027224503</subfield><subfield code="2">idref</subfield></datafield><datafield ind1=" " ind2="7" tag="650"><subfield code="a">Roman</subfield><subfield code="0">(IDREF)027342204</subfield><subfield code="2">idref</subfield></datafield><datafield ind1=" " ind2="7" tag="650"><subfield code="a">Roman américain</subfield><subfield code="0">(IDREF)02787642X</subfield><subfield code="2">idref</subfield></datafield><datafield ind1=" " ind2="7" tag="650"><subfield code="a">Englisch</subfield><subfield code="2">idszbz</subfield></datafield><datafield ind1=" " ind2="7" tag="650"><subfield code="a">Erzähltechnik</subfield><subfield code="2">idszbz</subfield></datafield><datafield ind1=" " ind2="7" tag="650"><subfield code="a">Roman</subfield><subfield code="2">idszbz</subfield></datafield><datafield ind1=" " ind2="7" tag="650"><subfield code="a">Englisch</subfield><subfield code="0">(DE-588)4014777-0</subfield><subfield code="2">gnd</subfield></datafield><datafield ind1=" " ind2="7" tag="650"><subfield code="a">Literaturtheorie</subfield><subfield code="0">(DE-588)4036031-3</subfield><subfield code="2">gnd</subfield></datafield><datafield ind1=" " ind2="7" tag="650"><subfield code="a">Prosa</subfield><subfield code="0">(DE-588)4047497-5</subfield><subfield code="2">gnd</subfield></datafield><datafield ind1=" " ind2="7" tag="650"><subfield code="a">Roman</subfield><subfield code="0">(DE-588)4050479-7</subfield><subfield code="2">gnd</subfield></datafield><datafield ind1=" " ind2="0" tag="650"><subfield code="a">American fiction</subfield><subfield code="x">History and criticism</subfield><subfield code="x">Theory, etc</subfield></datafield><datafield ind1=" " ind2="0" tag="650"><subfield code="a">Criticism</subfield><subfield code="v">Terminology</subfield></datafield><datafield ind1=" " ind2="0" tag="650"><subfield code="a">English fiction</subfield><subfield code="x">History and criticism</subfield><subfield code="x">Theory, etc</subfield></datafield><datafield ind1=" " ind2="0" tag="650"><subfield code="a">Fiction</subfield><subfield code="x">Technique</subfield></datafield><datafield ind1=" " ind2="7" tag="655"><subfield code="a">[Études diverses]</subfield><subfield code="0">(RERO)A022249905</subfield><subfield code="2">rero</subfield></datafield><datafield ind1=" " ind2="7" tag="655"><subfield code="a">Aufsatzsammlung</subfield><subfield code="2">idszbz</subfield></datafield><datafield ind1=" " ind2=" " tag="900"><subfield code="a">REROnoselfmerge</subfield></datafield><datafield ind1=" " ind2=" " tag="900"><subfield code="a">IDSZ2esmon20909r</subfield><subfield code="c">IDSZ2fumo</subfield></datafield></record>
</metadata></record>