<record><header><identifier>oai:alma.41SLSP_UGE:991000773389705502</identifier><datestamp>2024-04-09T00:11:47Z</datestamp><setSpec>uge_bcen_RapidILL_BOOK</setSpec><setSpec>uge_aaca_RapidILL_BOOK</setSpec><setSpec>uge_abels_RapidILL_BOOK</setSpec><setSpec>uge_dbu_RapidILL_BOOK</setSpec><setSpec>uge_cmu_RapidILL_BOOK</setSpec><setSpec>uge_mail_RapidILL_BOOK</setSpec><setSpec>uge_abbat_RapidILL_BOOK</setSpec><setSpec>UNIGE_ALL</setSpec><setSpec>uge_aobs_RapidILL_BOOK</setSpec><setSpec>uge_acar_RapidILL_BOOK</setSpec></header><metadata>
<record xmlns="http://www.loc.gov/MARC21/slim" xmlns:xsi="http://www.w3.org/2001/XMLSchema-instance" xsi:schemaLocation="http://www.loc.gov/MARC21/slim http://www.loc.gov/standards/marcxml/schema/MARC21slim.xsd"><leader>04557nam a2200961uc 4500</leader><controlfield tag="001">991000773389705502</controlfield><controlfield tag="005">20230502194716.0</controlfield><controlfield tag="008">201012s1994    fr     |      10| ||fre|d</controlfield><datafield ind1=" " ind2=" " tag="020"><subfield code="a">2859442480</subfield></datafield><datafield ind1=" " ind2=" " tag="035"><subfield code="a">(swissbib)233183256-41slsp_network</subfield></datafield><datafield ind1=" " ind2=" " tag="035"><subfield code="a">233183256</subfield><subfield code="9">ExL</subfield></datafield><datafield ind1=" " ind2=" " tag="035"><subfield code="a">(NEBIS)001694114EBI01</subfield></datafield><datafield ind1=" " ind2=" " tag="035"><subfield code="a">(IDSBB)001071715DSV01</subfield></datafield><datafield ind1=" " ind2=" " tag="035"><subfield code="a">(RERO)1898005-41slsp</subfield></datafield><datafield ind1=" " ind2=" " tag="035"><subfield code="a">(EXLNZ-41SLSP_NETWORK)991017686289705501</subfield></datafield><datafield ind1=" " ind2=" " tag="040"><subfield code="a">ZBZ</subfield><subfield code="b">ger</subfield><subfield code="e">ETHICS-ISBD</subfield><subfield code="d">CH-ZuSLS</subfield></datafield><datafield ind1=" " ind2="7" tag="072"><subfield code="a">po</subfield><subfield code="2">SzZuIDS BS/BE</subfield></datafield><datafield ind1=" " ind2="7" tag="072"><subfield code="a">vk</subfield><subfield code="2">SzZuIDS BS/BE</subfield></datafield><datafield ind1=" " ind2="7" tag="072"><subfield code="a">ht</subfield><subfield code="2">rero</subfield></datafield><datafield ind1="0" ind2="4" tag="082"><subfield code="a">394.2</subfield><subfield code="b">USA</subfield></datafield><datafield ind1="1" ind2="4" tag="082"><subfield code="a">394.26944</subfield><subfield code="2">21</subfield></datafield><datafield ind1="1" ind2="4" tag="082"><subfield code="a">320</subfield><subfield code="2">15</subfield></datafield><datafield ind1="1" ind2="4" tag="082"><subfield code="a">390</subfield><subfield code="2">15</subfield></datafield><datafield ind1=" " ind2=" " tag="084"><subfield code="a">LB 62185</subfield><subfield code="2">rvk</subfield></datafield><datafield ind1=" " ind2=" " tag="084"><subfield code="a">MD 4050</subfield><subfield code="2">rvk</subfield></datafield><datafield ind1=" " ind2=" " tag="084"><subfield code="a">NN 1363</subfield><subfield code="2">rvk</subfield></datafield><datafield ind1=" " ind2=" " tag="084"><subfield code="a">NW 2335</subfield><subfield code="2">rvk</subfield></datafield><datafield ind1="0" ind2="0" tag="245"><subfield code="a">&lt;&lt;Les&gt;&gt; usages politiques des fêtes aux XIXe-XXe siècles</subfield><subfield code="b">actes du colloque organisé les 22 et 23 novembre 1990 à Paris</subfield><subfield code="c">par Le Centre de Recherches d'Histoire du XIXe Siècle (Paris I - Paris IV) ...[et al.]]; sous la dir. de Alain Corbin, Noelle Gérôme, Danielle Tartakowsky</subfield></datafield><datafield ind1=" " ind2="1" tag="264"><subfield code="a">Paris</subfield><subfield code="b">Publications de la Sorbonne</subfield><subfield code="c">1994</subfield></datafield><datafield ind1=" " ind2=" " tag="300"><subfield code="a">440 S.</subfield><subfield code="b">Ill.</subfield><subfield code="c">24 cm</subfield></datafield><datafield ind1=" " ind2=" " tag="336"><subfield code="b">txt</subfield><subfield code="2">rdacontent</subfield></datafield><datafield ind1=" " ind2=" " tag="337"><subfield code="b">n</subfield><subfield code="2">rdamedia</subfield></datafield><datafield ind1=" " ind2=" " tag="338"><subfield code="b">nc</subfield><subfield code="2">rdacarrier</subfield></datafield><datafield ind1="1" ind2=" " tag="490"><subfield code="a">Histoire de la France aux XIXe et XXe siècles</subfield><subfield code="v">33</subfield></datafield><datafield ind1=" " ind2=" " tag="500"><subfield code="a">Publ. avec le concours du CNRS ... [et al.]</subfield></datafield><datafield ind1=" " ind2=" " tag="504"><subfield code="a">Literaturverz.</subfield></datafield><datafield ind1=" " ind2="7" tag="648"><subfield code="a">Geschichte 1800-1900</subfield><subfield code="2">idszbz</subfield></datafield><datafield ind1=" " ind2="7" tag="648"><subfield code="a">Geschichte 1800-1981</subfield><subfield code="2">idszbz</subfield></datafield><datafield ind1=" " ind2="7" tag="648"><subfield code="a">Geschichte 1900-2000</subfield><subfield code="2">idszbz</subfield></datafield><datafield ind1=" " ind2="7" tag="648"><subfield code="a">Geschichte 1800-1990</subfield><subfield code="2">gnd</subfield></datafield><datafield ind1=" " ind2="7" tag="650"><subfield code="a">Politische Feier</subfield><subfield code="2">idszbz</subfield></datafield><datafield ind1=" " ind2="7" tag="650"><subfield code="a">Fest</subfield><subfield code="0">(DE-588)4121260-5</subfield><subfield code="2">gnd</subfield></datafield><datafield ind1=" " ind2="7" tag="650"><subfield code="a">Politik</subfield><subfield code="0">(DE-588)4046514-7</subfield><subfield code="2">gnd</subfield></datafield><datafield ind1=" " ind2="7" tag="650"><subfield code="a">Politische Kultur</subfield><subfield code="0">(DE-588)4046540-8</subfield><subfield code="2">gnd</subfield></datafield><datafield ind1=" " ind2="0" tag="650"><subfield code="a">Fasts and feasts</subfield><subfield code="z">France</subfield></datafield><datafield ind1=" " ind2="0" tag="650"><subfield code="a">Festivals</subfield><subfield code="x">Political aspects</subfield><subfield code="x">France</subfield><subfield code="x">Congresses</subfield></datafield><datafield ind1=" " ind2="0" tag="650"><subfield code="a">Festivals</subfield><subfield code="x">Political aspects</subfield><subfield code="z">France</subfield><subfield code="v">Congresses</subfield></datafield><datafield ind1=" " ind2="0" tag="650"><subfield code="a">Festivals</subfield><subfield code="x">Political aspects</subfield><subfield code="z">France</subfield><subfield code="x">Congresses</subfield></datafield><datafield ind1=" " ind2="0" tag="650"><subfield code="a">Festivals</subfield><subfield code="z">France</subfield></datafield><datafield ind1=" " ind2="0" tag="650"><subfield code="a">Public relations and politics</subfield><subfield code="x">France</subfield><subfield code="x">History</subfield><subfield code="y">19th century</subfield><subfield code="x">Congresses</subfield></datafield><datafield ind1=" " ind2="0" tag="650"><subfield code="a">Public relations and politics</subfield><subfield code="x">France</subfield><subfield code="x">History</subfield><subfield code="y">20th century</subfield><subfield code="x">Congresses</subfield></datafield><datafield ind1=" " ind2="0" tag="650"><subfield code="a">Public relations and politics</subfield><subfield code="z">France</subfield><subfield code="x">History</subfield><subfield code="y">19th century</subfield></datafield><datafield ind1=" " ind2="0" tag="650"><subfield code="a">Public relations and politics</subfield><subfield code="z">France</subfield><subfield code="x">History</subfield><subfield code="y">19th century</subfield><subfield code="v">Congresses</subfield></datafield><datafield ind1=" " ind2="0" tag="650"><subfield code="a">Public relations and politics</subfield><subfield code="z">France</subfield><subfield code="x">History</subfield><subfield code="y">19th century</subfield><subfield code="x">Congresses</subfield></datafield><datafield ind1=" " ind2="0" tag="650"><subfield code="a">Public relations and politics</subfield><subfield code="z">France</subfield><subfield code="x">History</subfield><subfield code="y">20th century</subfield></datafield><datafield ind1=" " ind2="0" tag="650"><subfield code="a">Public relations and politics</subfield><subfield code="z">France</subfield><subfield code="x">History</subfield><subfield code="y">20th century</subfield><subfield code="v">Congresses</subfield></datafield><datafield ind1=" " ind2="0" tag="650"><subfield code="a">Public relations and politics</subfield><subfield code="z">France</subfield><subfield code="x">History</subfield><subfield code="y">20th century</subfield><subfield code="x">Congresses</subfield></datafield><datafield ind1=" " ind2="0" tag="650"><subfield code="a">Rites and ceremonies</subfield><subfield code="x">Political aspects</subfield><subfield code="x">France</subfield><subfield code="x">Congresses</subfield></datafield><datafield ind1=" " ind2="0" tag="650"><subfield code="a">Rites and ceremonies</subfield><subfield code="x">Political aspects</subfield><subfield code="z">France</subfield><subfield code="v">Congresses</subfield></datafield><datafield ind1=" " ind2="0" tag="650"><subfield code="a">Rites and ceremonies</subfield><subfield code="x">Political aspects</subfield><subfield code="z">France</subfield><subfield code="x">Congresses</subfield></datafield><datafield ind1=" " ind2="7" tag="650"><subfield code="a">Politisches Fest</subfield><subfield code="z">Frankreich</subfield><subfield code="y">Geschichte 19. Jh</subfield><subfield code="v">Kongressbericht</subfield><subfield code="2">idsbb</subfield></datafield><datafield ind1=" " ind2="7" tag="650"><subfield code="a">Politisches Fest</subfield><subfield code="z">Frankreich</subfield><subfield code="y">Geschichte 20. Jh</subfield><subfield code="v">Kongressbericht</subfield><subfield code="2">idsbb</subfield></datafield><datafield ind1=" " ind2="7" tag="650"><subfield code="a">19e siècle-20e siècle</subfield><subfield code="2">idref</subfield></datafield><datafield ind1=" " ind2="7" tag="650"><subfield code="a">Fêtes</subfield><subfield code="0">(IDREF)027265021</subfield><subfield code="2">idref</subfield></datafield><datafield ind1=" " ind2="7" tag="650"><subfield code="a">Pouvoir (sciences sociales)</subfield><subfield code="0">(IDREF)027365581</subfield><subfield code="2">idref</subfield></datafield><datafield ind1=" " ind2="7" tag="651"><subfield code="a">Frankreich</subfield><subfield code="2">idszbz</subfield></datafield><datafield ind1=" " ind2="7" tag="651"><subfield code="a">Frankreich</subfield><subfield code="0">(DE-588)4018145-5</subfield><subfield code="2">gnd</subfield></datafield><datafield ind1=" " ind2="7" tag="651"><subfield code="a">France</subfield><subfield code="0">(IDREF)027226794</subfield><subfield code="2">idref</subfield></datafield><datafield ind1=" " ind2="7" tag="655"><subfield code="a">Aufsatzsammlung</subfield><subfield code="2">idszbz</subfield></datafield><datafield ind1=" " ind2="7" tag="655"><subfield code="a">Konferenzschrift</subfield><subfield code="z">Paris</subfield><subfield code="y">1990/11</subfield><subfield code="2">gnd-content</subfield></datafield><datafield ind1=" " ind2="7" tag="655"><subfield code="a">Konferenzschrift</subfield><subfield code="z">Paris</subfield><subfield code="y">1990</subfield><subfield code="2">gnd-content</subfield></datafield><datafield ind1=" " ind2="7" tag="655"><subfield code="a">[Études diverses]</subfield><subfield code="0">(RERO)A022249905</subfield><subfield code="2">rero</subfield></datafield><datafield ind1="1" ind2=" " tag="700"><subfield code="a">Gérôme, Noëlle</subfield></datafield><datafield ind1="1" ind2=" " tag="700"><subfield code="a">Tartakowsky, Danielle</subfield></datafield><datafield ind1="1" ind2=" " tag="700"><subfield code="a">Corbin, Alain</subfield><subfield code="d">1936-</subfield><subfield code="0">(DE-588)121358577</subfield><subfield code="6">880-02</subfield></datafield><datafield ind1="1" ind2=" " tag="880"><subfield code="6">700-02</subfield><subfield code="a">Corbin, Alain</subfield><subfield code="d">1936-....</subfield><subfield code="0">(IDREF)026798743</subfield></datafield><datafield ind1="2" ind2=" " tag="710"><subfield code="a">Centre de Recherches d'Histoire des Mouvements Sociaux et du Syndicalisme</subfield><subfield code="g">Paris</subfield><subfield code="0">(DE-588)1087360935</subfield></datafield><datafield ind1="2" ind2=" " tag="710"><subfield code="a">Groupe de recherches coordonnées du CNRS</subfield><subfield code="g">France</subfield><subfield code="0">(DE-588)1087119421</subfield></datafield><datafield ind1="2" ind2=" " tag="710"><subfield code="a">Centre national de la recherche scientifique</subfield><subfield code="0">(DE-588)4543-3</subfield></datafield><datafield ind1="2" ind2=" " tag="710"><subfield code="a">Centre de Recherches sur l'Histoire du Dix-Neuvième Siècle</subfield><subfield code="0">(DE-588)1026885-6</subfield></datafield><datafield ind1="2" ind2=" " tag="711"><subfield code="a">&lt;&lt;Les&gt;&gt; Usages Politiques des Fêtes aux XIXe-XXe Siècles</subfield><subfield code="d">1990</subfield><subfield code="c">Paris</subfield><subfield code="0">(DE-588)1091456976</subfield></datafield><datafield ind1=" " ind2=" " tag="830"><subfield code="a">Publications de la Sorbonne</subfield><subfield code="p">Série France XIX-XXe</subfield><subfield code="v">33</subfield><subfield code="w">(RERO)0434307-41slsp</subfield></datafield><datafield ind1=" " ind2=" " tag="830"><subfield code="a">Histoire de la France aux XIXe et XXe siècles</subfield><subfield code="v">33</subfield><subfield code="w">(NEBIS)000908315EBI01</subfield></datafield><datafield ind1=" " ind2=" " tag="900"><subfield code="a">REROnoselfmerge</subfield></datafield></record>
</metadata></record>