<record><header><identifier>oai:alma.41SLSP_UGE:991000773179705502</identifier><datestamp>2023-03-01T01:10:18Z</datestamp><setSpec>uge_cmu_RapidILL_JOURNAL</setSpec><setSpec>uge_aobs_RapidILL_JOURNAL</setSpec><setSpec>uge_aaca_RapidILL_JOURNAL</setSpec><setSpec>uge_bcen_RapidILL_JOURNAL</setSpec><setSpec>uge_abbat_RapidILL_JOURNAL</setSpec><setSpec>uge_mail_RapidILL_JOURNAL</setSpec><setSpec>uge_dbu_RapidILL_JOURNAL</setSpec><setSpec>UNIGE_ALL</setSpec><setSpec>uge_abels_RapidILL_JOURNAL</setSpec><setSpec>uge_acar_RapidILL_JOURNAL</setSpec></header><metadata>
<record xmlns="http://www.loc.gov/MARC21/slim" xmlns:xsi="http://www.w3.org/2001/XMLSchema-instance" xsi:schemaLocation="http://www.loc.gov/MARC21/slim http://www.loc.gov/standards/marcxml/schema/MARC21slim.xsd"><leader>01294nas a2200373 c 4500</leader><controlfield tag="001">991000773179705502</controlfield><controlfield tag="005">20210130184702.0</controlfield><controlfield tag="008">200918c19909999caufr p   o   0   a0per d</controlfield><datafield ind1=" " ind2=" " tag="022"><subfield code="a">1084-4732</subfield><subfield code="l">1084-4732</subfield></datafield><datafield ind1=" " ind2=" " tag="035"><subfield code="a">(swissbib)126738432-41slsp_network</subfield></datafield><datafield ind1=" " ind2=" " tag="035"><subfield code="a">126738432</subfield><subfield code="9">ExL</subfield></datafield><datafield ind1=" " ind2=" " tag="035"><subfield code="a">(RERO)R009080578-41slsp</subfield></datafield><datafield ind1=" " ind2=" " tag="035"><subfield code="a">(EXLNZ-41SLSP_NETWORK)991146224349705501</subfield></datafield><datafield ind1=" " ind2=" " tag="037"><subfield code="b">The Persian Book Review, 13327 Washington Blvd., Los Angeles, CA</subfield></datafield><datafield ind1=" " ind2=" " tag="040"><subfield code="a">CLU</subfield><subfield code="b">eng</subfield><subfield code="d">CH-ZuSLS</subfield></datafield><datafield ind1="0" ind2=" " tag="041"><subfield code="a">per</subfield><subfield code="a">eng</subfield></datafield><datafield ind1="0" ind2="0" tag="050"><subfield code="a">PK6401</subfield><subfield code="b">.B37</subfield></datafield><datafield ind1=" " ind2="7" tag="072"><subfield code="a">di</subfield><subfield code="2">rero</subfield></datafield><datafield ind1="1" ind2="0" tag="082"><subfield code="a">891</subfield><subfield code="2">12</subfield></datafield><datafield ind1="1" ind2="0" tag="210"><subfield code="a">Barʹrasī-i kitāb</subfield></datafield><datafield ind1="0" ind2="0" tag="245"><subfield code="a">Barʹrasī-i kitāb</subfield><subfield code="b">= The Persian book review</subfield></datafield><datafield ind1="1" ind2=" " tag="246"><subfield code="a">Persian book review</subfield></datafield><datafield ind1=" " ind2="1" tag="264"><subfield code="a">Los Angeles</subfield><subfield code="b">Barʹrasī-i Kitāb</subfield><subfield code="c">1990-</subfield></datafield><datafield ind1=" " ind2=" " tag="300"><subfield code="a">v.</subfield><subfield code="b">ill.</subfield><subfield code="c">22 cm</subfield></datafield><datafield ind1=" " ind2=" " tag="310"><subfield code="a">Semiannual,</subfield><subfield code="b">&lt;2003-&gt;</subfield></datafield><datafield ind1=" " ind2=" " tag="321"><subfield code="a">Quarterly,</subfield><subfield code="b">1990-</subfield></datafield><datafield ind1=" " ind2=" " tag="336"><subfield code="b">txt</subfield><subfield code="2">rdacontent</subfield></datafield><datafield ind1=" " ind2=" " tag="337"><subfield code="b">n</subfield><subfield code="2">rdamedia</subfield></datafield><datafield ind1=" " ind2=" " tag="338"><subfield code="b">nc</subfield><subfield code="2">rdacarrier</subfield></datafield><datafield ind1="0" ind2=" " tag="362"><subfield code="a">Dawrah-i jadīd, shumārah-i 1. (Khurdād 1369 [Mih/Zhū'an 1990])-</subfield></datafield><datafield ind1=" " ind2=" " tag="500"><subfield code="a">Title from cover</subfield></datafield><datafield ind1=" " ind2="0" tag="650"><subfield code="a">Persian literature</subfield><subfield code="x">History and criticism</subfield><subfield code="v">Periodicals</subfield></datafield><datafield ind1=" " ind2="0" tag="650"><subfield code="a">Persian literature</subfield><subfield code="y">20th century</subfield><subfield code="v">Periodicals</subfield></datafield><datafield ind1=" " ind2=" " tag="900"><subfield code="a">REROnoselfmerge</subfield></datafield><datafield ind1=" " ind2=" " tag="910"><subfield code="a">LOC</subfield><subfield code="b">20200918</subfield><subfield code="c">Réutilisation sous conditions</subfield></datafield></record>
</metadata></record>