<record><header><identifier>oai:alma.41SLSP_UGE:991000773709705502</identifier><datestamp>2023-03-01T01:10:18Z</datestamp><setSpec>uge_bcen_RapidILL_BOOK</setSpec><setSpec>uge_aaca_RapidILL_BOOK</setSpec><setSpec>uge_abels_RapidILL_BOOK</setSpec><setSpec>uge_dbu_RapidILL_BOOK</setSpec><setSpec>uge_cmu_RapidILL_BOOK</setSpec><setSpec>uge_mail_RapidILL_BOOK</setSpec><setSpec>UNIGE_ALL</setSpec><setSpec>uge_abbat_RapidILL_BOOK</setSpec><setSpec>uge_aobs_RapidILL_BOOK</setSpec><setSpec>uge_acar_RapidILL_BOOK</setSpec></header><metadata>
<record xmlns="http://www.loc.gov/MARC21/slim" xmlns:xsi="http://www.w3.org/2001/XMLSchema-instance" xsi:schemaLocation="http://www.loc.gov/MARC21/slim http://www.loc.gov/standards/marcxml/schema/MARC21slim.xsd"><leader>00968nam a2200289 c 4500</leader><controlfield tag="001">991000773709705502</controlfield><controlfield tag="005">20230203202709.0</controlfield><controlfield tag="008">070418s2005    fr ||||| |||| 00| ||fre d</controlfield><datafield ind1=" " ind2=" " tag="020"><subfield code="a">2914490135</subfield><subfield code="c">22 €</subfield></datafield><datafield ind1=" " ind2=" " tag="035"><subfield code="a">(swissbib)105087718-41slsp_network</subfield></datafield><datafield ind1=" " ind2=" " tag="035"><subfield code="a">105087718</subfield><subfield code="9">ExL</subfield></datafield><datafield ind1=" " ind2=" " tag="035"><subfield code="a">(RERO)R004383970-41slsp</subfield></datafield><datafield ind1=" " ind2=" " tag="035"><subfield code="a">(EXLNZ-41SLSP_NETWORK)991084880079705501</subfield></datafield><datafield ind1=" " ind2=" " tag="040"><subfield code="a">RERO geulfr</subfield><subfield code="d">CH-ZuSLS</subfield></datafield><datafield ind1=" " ind2="7" tag="072"><subfield code="a">fr</subfield><subfield code="2">rero</subfield></datafield><datafield ind1=" " ind2="7" tag="072"><subfield code="a">ba</subfield><subfield code="2">rero</subfield></datafield><datafield ind1="1" ind2=" " tag="100"><subfield code="a">Butor, Michel</subfield><subfield code="d">1926-2016</subfield><subfield code="0">(IDREF)026760525</subfield><subfield code="4">cre</subfield></datafield><datafield ind1="1" ind2="0" tag="245"><subfield code="a">Dialogue avec Rembrandt van Rijn sur Samson et Dalila</subfield><subfield code="c">Michel Butor</subfield></datafield><datafield ind1=" " ind2="1" tag="264"><subfield code="a">Paris</subfield><subfield code="b">Abstème et Bobance</subfield><subfield code="c">2005</subfield></datafield><datafield ind1=" " ind2=" " tag="300"><subfield code="a">44 p.</subfield></datafield><datafield ind1=" " ind2=" " tag="336"><subfield code="b">txt</subfield><subfield code="2">rdacontent</subfield></datafield><datafield ind1=" " ind2=" " tag="337"><subfield code="b">n</subfield><subfield code="2">rdamedia</subfield></datafield><datafield ind1=" " ind2=" " tag="338"><subfield code="b">nc</subfield><subfield code="2">rdacarrier</subfield></datafield><datafield ind1="1" ind2=" " tag="490"><subfield code="a">Notule</subfield><subfield code="v">1</subfield></datafield><datafield ind1="0" ind2="7" tag="600"><subfield code="a">Rembrandt</subfield><subfield code="d">1606-1669</subfield><subfield code="t">Samson aveuglé par les Philistins</subfield><subfield code="0">(IDREF)099082039</subfield><subfield code="2">idref</subfield></datafield><datafield ind1=" " ind2="7" tag="650"><subfield code="a">Critique littéraire</subfield><subfield code="0">(IDREF)027286592</subfield><subfield code="2">idref</subfield></datafield><datafield ind1=" " ind2=" " tag="830"><subfield code="a">Notule</subfield><subfield code="v">1</subfield><subfield code="w">(RERO)R004383935-41slsp</subfield></datafield><datafield ind1=" " ind2=" " tag="900"><subfield code="a">REROnoselfmerge</subfield></datafield></record>
</metadata></record>