<record><header><identifier>oai:alma.41SLSP_UGE:991000773499705502</identifier><datestamp>2023-07-01T00:27:49Z</datestamp><setSpec>uge_bcen_RapidILL_BOOK</setSpec><setSpec>uge_aaca_RapidILL_BOOK</setSpec><setSpec>uge_abels_RapidILL_BOOK</setSpec><setSpec>uge_dbu_RapidILL_BOOK</setSpec><setSpec>uge_cmu_RapidILL_BOOK</setSpec><setSpec>uge_mail_RapidILL_BOOK</setSpec><setSpec>uge_abbat_RapidILL_BOOK</setSpec><setSpec>UNIGE_ALL</setSpec><setSpec>uge_aobs_RapidILL_BOOK</setSpec><setSpec>uge_acar_RapidILL_BOOK</setSpec></header><metadata>
<record xmlns="http://www.loc.gov/MARC21/slim" xmlns:xsi="http://www.w3.org/2001/XMLSchema-instance" xsi:schemaLocation="http://www.loc.gov/MARC21/slim http://www.loc.gov/standards/marcxml/schema/MARC21slim.xsd"><leader>02547nam a22005897c 4500</leader><controlfield tag="001">991000773499705502</controlfield><controlfield tag="005">20230630124725.0</controlfield><controlfield tag="008">201012s2001    xxu||||| |||| 00| ||eng d</controlfield><datafield ind1=" " ind2=" " tag="010"><subfield code="a">2001029049</subfield></datafield><datafield ind1=" " ind2=" " tag="020"><subfield code="a">1931082030</subfield><subfield code="q">alk. paper</subfield></datafield><datafield ind1=" " ind2=" " tag="035"><subfield code="a">(swissbib)23939481X-41slsp_network</subfield></datafield><datafield ind1=" " ind2=" " tag="035"><subfield code="a">23939481X</subfield><subfield code="9">ExL</subfield></datafield><datafield ind1=" " ind2=" " tag="035"><subfield code="a">(RERO)R003123518-41slsp</subfield></datafield><datafield ind1=" " ind2=" " tag="035"><subfield code="a">(NEBIS)004225770EBI01</subfield></datafield><datafield ind1=" " ind2=" " tag="035"><subfield code="a">(IDSBB)002418616DSV01</subfield></datafield><datafield ind1=" " ind2=" " tag="035"><subfield code="a">(IDSLU)000226350ILU01</subfield></datafield><datafield ind1=" " ind2=" " tag="035"><subfield code="a">(IDSSG)000247244HSB01</subfield></datafield><datafield ind1=" " ind2=" " tag="035"><subfield code="a">(EXLNZ-41SLSP_NETWORK)991158495739705501</subfield></datafield><datafield ind1=" " ind2=" " tag="040"><subfield code="a">RERO frbcuc</subfield><subfield code="d">CH-ZuSLS</subfield></datafield><datafield ind1=" " ind2=" " tag="050"><subfield code="a">PS3525.A1772</subfield><subfield code="b">A6 2001</subfield></datafield><datafield ind1=" " ind2="7" tag="072"><subfield code="a">an</subfield><subfield code="2">rero</subfield></datafield><datafield ind1=" " ind2="7" tag="072"><subfield code="a">le</subfield><subfield code="2">SzZuIDS BS/BE</subfield></datafield><datafield ind1="1" ind2=" " tag="080"><subfield code="a">820(73)&quot;18/19&quot;MCC1</subfield></datafield><datafield ind1="0" ind2="4" tag="082"><subfield code="a">813/.52</subfield><subfield code="2">21</subfield></datafield><datafield ind1=" " ind2=" " tag="084"><subfield code="a">HU 4401</subfield><subfield code="2">rvk</subfield></datafield><datafield ind1="1" ind2=" " tag="100"><subfield code="6">880-01</subfield><subfield code="a">McCullers, Carson</subfield><subfield code="d">1917-1967</subfield><subfield code="0">(IDREF)026999757</subfield><subfield code="4">cre</subfield></datafield><datafield ind1="1" ind2=" " tag="880"><subfield code="a">McCullers, Carson</subfield><subfield code="d">1917-1967</subfield><subfield code="0">(DE-588)118575724</subfield><subfield code="6">100-01</subfield></datafield><datafield ind1="1" ind2="0" tag="245"><subfield code="a">Complete novels</subfield><subfield code="c">Carson McCullers</subfield></datafield><datafield ind1=" " ind2="1" tag="264"><subfield code="a">New York N.Y.</subfield><subfield code="b">Literary Classics of the United States</subfield><subfield code="c">[2001]</subfield></datafield><datafield ind1=" " ind2="4" tag="264"><subfield code="c">© 2001</subfield></datafield><datafield ind1=" " ind2=" " tag="300"><subfield code="a">827 p.</subfield><subfield code="c">21 cm</subfield></datafield><datafield ind1=" " ind2=" " tag="336"><subfield code="b">txt</subfield><subfield code="2">rdacontent</subfield></datafield><datafield ind1=" " ind2=" " tag="337"><subfield code="b">n</subfield><subfield code="2">rdamedia</subfield></datafield><datafield ind1=" " ind2=" " tag="338"><subfield code="b">nc</subfield><subfield code="2">rdacarrier</subfield></datafield><datafield ind1="1" ind2=" " tag="490"><subfield code="a">The Library of America</subfield><subfield code="v">128</subfield></datafield><datafield ind1=" " ind2=" " tag="500"><subfield code="a">Enth. u.a.: The heart is a lonely hunter. Reflections in a golden eye</subfield></datafield><datafield ind1="0" ind2="0" tag="505"><subfield code="t">&lt;&lt;The&gt;&gt; heart is a lonely hunter</subfield><subfield code="t">Reflections in a golden eye</subfield><subfield code="t">&lt;&lt;The&gt;&gt; ballad of the sad café</subfield><subfield code="t">&lt;&lt;The&gt;&gt; member of the wedding</subfield><subfield code="t">Clock without hands</subfield></datafield><datafield ind1=" " ind2=" " tag="690"><subfield code="a">Auge; Herz; Café; Hochzeit; Zeiger; Goldauge; Carson; Chronologie; Jäger; Roman; Spiegel</subfield><subfield code="2">idssg-J</subfield></datafield><datafield ind1=" " ind2=" " tag="690"><subfield code="a">Spiegelbild</subfield><subfield code="2">idssg-J</subfield></datafield><datafield ind1=" " ind2=" " tag="690"><subfield code="a">einsamer Hunter; einsamer Jäger; goldenes Auge; kompletter Roman; trauriges Café</subfield><subfield code="2">idssg-J</subfield></datafield><datafield ind1=" " ind2=" " tag="690"><subfield code="a">Amerika</subfield><subfield code="2">idssg-J</subfield></datafield><datafield ind1=" " ind2=" " tag="690"><subfield code="a">Hunter; jäger Spiegelbild; komplett Romane Carson Mc</subfield><subfield code="2">idssg-J</subfield></datafield><datafield ind1="1" ind2="2" tag="700"><subfield code="a">McCullers, Carson</subfield><subfield code="d">1917-1967</subfield><subfield code="t">&lt;&lt;The&gt;&gt; heart is a lonely hunter</subfield></datafield><datafield ind1="1" ind2="2" tag="700"><subfield code="a">McCullers, Carson</subfield><subfield code="d">1917-1967</subfield><subfield code="t">Reflections in a golden eye</subfield></datafield><datafield ind1="1" ind2="2" tag="700"><subfield code="a">McCullers, Carson</subfield><subfield code="d">1917-1967</subfield><subfield code="t">&lt;&lt;The&gt;&gt; ballad of the sad café</subfield></datafield><datafield ind1="1" ind2="2" tag="700"><subfield code="a">McCullers, Carson</subfield><subfield code="d">1917-1967</subfield><subfield code="t">&lt;&lt;The&gt;&gt; member of the wedding</subfield></datafield><datafield ind1="1" ind2="2" tag="700"><subfield code="a">McCullers, Carson</subfield><subfield code="d">1917-1967</subfield><subfield code="t">Clock without hands</subfield></datafield><datafield ind1="4" ind2=" " tag="856"><subfield code="u">https://tools.unisg.ch/url/hm00045231</subfield><subfield code="z">Inhaltsverzeichnis</subfield></datafield><datafield ind1=" " ind2="0" tag="830"><subfield code="a">&lt;&lt;The&gt;&gt; Library of America</subfield><subfield code="v">128</subfield><subfield code="w">(IDSLU)000194830ILU01</subfield></datafield><datafield ind1=" " ind2="0" tag="830"><subfield code="a">&lt;&lt;The&gt;&gt; Library of America</subfield><subfield code="v">128</subfield><subfield code="w">(IDSBB)000379293DSV01</subfield></datafield><datafield ind1=" " ind2=" " tag="900"><subfield code="a">IDSZ2esmon200112f</subfield><subfield code="c">IDSZ2beda</subfield><subfield code="d">IDSZ2esswk200112k</subfield></datafield><datafield ind1=" " ind2=" " tag="900"><subfield code="a">IDSZ2mugmon201303l</subfield><subfield code="c">IDSZ2masc</subfield></datafield><datafield ind1=" " ind2=" " tag="949"><subfield code="a">https://tools.unisg.ch/url/hm00045231</subfield></datafield></record>
</metadata></record><resumptionToken>1900-01-01@all@UNIGE_ALL@marc21@5986577760005502</resumptionToken></ListRecords></OAI-PMH>